%YAML 1.1
%TAG !u! tag:unity3d.com,2011:
--- !u!1 &655410669572353289
GameObject:
  m_ObjectHideFlags: 0
  m_CorrespondingSourceObject: {fileID: 0}
  m_PrefabInstance: {fileID: 0}
  m_PrefabAsset: {fileID: 0}
  serializedVersion: 6
  m_Component:
  - component: {fileID: 655410669572353288}
  m_Layer: 0
  m_Name: Left
  m_TagString: Untagged
  m_Icon: {fileID: 0}
  m_NavMeshLayer: 0
  m_StaticEditorFlags: 0
  m_IsActive: 1
--- !u!4 &655410669572353288
Transform:
  m_ObjectHideFlags: 0
  m_CorrespondingSourceObject: {fileID: 0}
  m_PrefabInstance: {fileID: 0}
  m_PrefabAsset: {fileID: 0}
  m_GameObject: {fileID: 655410669572353289}
  m_LocalRotation: {x: 0, y: 0, z: 0, w: 1}
  m_LocalPosition: {x: -1, y: 0.25, z: 0}
  m_LocalScale: {x: 1, y: 1, z: 1}
  m_ConstrainProportionsScale: 0
  m_Children:
  - {fileID: 6417576967237512961}
  - {fileID: 3275799306043419580}
  - {fileID: 8567274770883904038}
  m_Father: {fileID: 655410671452507884}
  m_RootOrder: 3
  m_LocalEulerAnglesHint: {x: 0, y: 0, z: 0}
--- !u!1 &655410669867262528
GameObject:
  m_ObjectHideFlags: 0
  m_CorrespondingSourceObject: {fileID: 0}
  m_PrefabInstance: {fileID: 0}
  m_PrefabAsset: {fileID: 0}
  serializedVersion: 6
  m_Component:
  - component: {fileID: 655410669867262527}
  m_Layer: 0
  m_Name: Right
  m_TagString: Untagged
  m_Icon: {fileID: 0}
  m_NavMeshLayer: 0
  m_StaticEditorFlags: 0
  m_IsActive: 1
--- !u!4 &655410669867262527
Transform:
  m_ObjectHideFlags: 0
  m_CorrespondingSourceObject: {fileID: 0}
  m_PrefabInstance: {fileID: 0}
  m_PrefabAsset: {fileID: 0}
  m_GameObject: {fileID: 655410669867262528}
  m_LocalRotation: {x: 0, y: 0, z: 0, w: 1}
  m_LocalPosition: {x: 1, y: 0.25, z: 0}
  m_LocalScale: {x: 1, y: 1, z: 1}
  m_ConstrainProportionsScale: 0
  m_Children:
  - {fileID: 6889234935471518726}
  - {fileID: 194407468211166244}
  - {fileID: 2398466876189799966}
  m_Father: {fileID: 655410671452507884}
  m_RootOrder: 1
  m_LocalEulerAnglesHint: {x: 0, y: 0, z: 0}
--- !u!1 &655410670681803393
GameObject:
  m_ObjectHideFlags: 0
  m_CorrespondingSourceObject: {fileID: 0}
  m_PrefabInstance: {fileID: 0}
  m_PrefabAsset: {fileID: 0}
  serializedVersion: 6
  m_Component:
  - component: {fileID: 655410670681803392}
  m_Layer: 0
  m_Name: Bottom
  m_TagString: Untagged
  m_Icon: {fileID: 0}
  m_NavMeshLayer: 0
  m_StaticEditorFlags: 0
  m_IsActive: 1
--- !u!4 &655410670681803392
Transform:
  m_ObjectHideFlags: 0
  m_CorrespondingSourceObject: {fileID: 0}
  m_PrefabInstance: {fileID: 0}
  m_PrefabAsset: {fileID: 0}
  m_GameObject: {fileID: 655410670681803393}
  m_LocalRotation: {x: 0, y: 0, z: 0, w: 1}
  m_LocalPosition: {x: 0, y: 0.25, z: -1}
  m_LocalScale: {x: 1, y: 1, z: 1}
  m_ConstrainProportionsScale: 0
  m_Children:
  - {fileID: 8546400398574087375}
  - {fileID: 6442984559157358417}
  - {fileID: 4392682733643831446}
  m_Father: {fileID: 655410671452507884}
  m_RootOrder: 2
  m_LocalEulerAnglesHint: {x: 0, y: 0, z: 0}
--- !u!1 &655410670692748928
GameObject:
  m_ObjectHideFlags: 0
  m_CorrespondingSourceObject: {fileID: 0}
  m_PrefabInstance: {fileID: 0}
  m_PrefabAsset: {fileID: 0}
  serializedVersion: 6
  m_Component:
  - component: {fileID: 655410670692749183}
  m_Layer: 0
  m_Name: Top
  m_TagString: Untagged
  m_Icon: {fileID: 0}
  m_NavMeshLayer: 0
  m_StaticEditorFlags: 0
  m_IsActive: 1
--- !u!4 &655410670692749183
Transform:
  m_ObjectHideFlags: 0
  m_CorrespondingSourceObject: {fileID: 0}
  m_PrefabInstance: {fileID: 0}
  m_PrefabAsset: {fileID: 0}
  m_GameObject: {fileID: 655410670692748928}
  m_LocalRotation: {x: 0, y: 0, z: 0, w: 1}
  m_LocalPosition: {x: 0, y: 0.25, z: 1}
  m_LocalScale: {x: 1, y: 1, z: 1}
  m_ConstrainProportionsScale: 0
  m_Children:
  - {fileID: 8971965743044926906}
  - {fileID: 1057906668294670025}
  - {fileID: 4129190053331470041}
  m_Father: {fileID: 655410671452507884}
  m_RootOrder: 0
  m_LocalEulerAnglesHint: {x: 0, y: 0, z: 0}
--- !u!1 &655410671452507885
GameObject:
  m_ObjectHideFlags: 0
  m_CorrespondingSourceObject: {fileID: 0}
  m_PrefabInstance: {fileID: 0}
  m_PrefabAsset: {fileID: 0}
  serializedVersion: 6
  m_Component:
  - component: {fileID: 655410671452507884}
  - component: {fileID: 2082622289505321226}
  m_Layer: 0
  m_Name: Cell3
  m_TagString: Untagged
  m_Icon: {fileID: 0}
  m_NavMeshLayer: 0
  m_StaticEditorFlags: 0
  m_IsActive: 1
--- !u!4 &655410671452507884
Transform:
  m_ObjectHideFlags: 0
  m_CorrespondingSourceObject: {fileID: 0}
  m_PrefabInstance: {fileID: 0}
  m_PrefabAsset: {fileID: 0}
  m_GameObject: {fileID: 655410671452507885}
  m_LocalRotation: {x: 0, y: 0, z: 0, w: 1}
  m_LocalPosition: {x: 0, y: 0, z: 0}
  m_LocalScale: {x: 1, y: 1, z: 1}
  m_ConstrainProportionsScale: 0
  m_Children:
  - {fileID: 655410670692749183}
  - {fileID: 655410669867262527}
  - {fileID: 655410670681803392}
  - {fileID: 655410669572353288}
  - {fileID: 352133167825651026}
  - {fileID: 9149918818246073240}
  - {fileID: 1789570534875263227}
  - {fileID: 7956633956412124327}
  m_Father: {fileID: 0}
  m_RootOrder: 0
  m_LocalEulerAnglesHint: {x: 0, y: 0, z: 0}
--- !u!114 &2082622289505321226
MonoBehaviour:
  m_ObjectHideFlags: 0
  m_CorrespondingSourceObject: {fileID: 0}
  m_PrefabInstance: {fileID: 0}
  m_PrefabAsset: {fileID: 0}
  m_GameObject: {fileID: 655410671452507885}
  m_Enabled: 1
  m_EditorHideFlags: 0
  m_Script: {fileID: 11500000, guid: 1855579f86fa9114d90e884ba2677ff2, type: 3}
  m_Name: 
  m_EditorClassIdentifier: 
  Walls:
  - {fileID: 655410670692748928}
  - {fileID: 655410669867262528}
  - {fileID: 655410670681803393}
  - {fileID: 655410669572353289}
--- !u!1001 &189860755958550490
PrefabInstance:
  m_ObjectHideFlags: 0
  serializedVersion: 2
  m_Modification:
    m_TransformParent: {fileID: 655410669867262527}
    m_Modifications:
    - target: {fileID: 1068987669586788, guid: 88d74c745a4fad049b1d3c84ed817ce7, type: 3}
      propertyPath: m_Name
      value: rail_stone_2 (1)
      objectReference: {fileID: 0}
    - target: {fileID: 4549598590440446, guid: 88d74c745a4fad049b1d3c84ed817ce7, type: 3}
      propertyPath: m_RootOrder
      value: 1
      objectReference: {fileID: 0}
    - target: {fileID: 4549598590440446, guid: 88d74c745a4fad049b1d3c84ed817ce7, type: 3}
      propertyPath: m_LocalScale.x
      value: 1
      objectReference: {fileID: 0}
    - target: {fileID: 4549598590440446, guid: 88d74c745a4fad049b1d3c84ed817ce7, type: 3}
      propertyPath: m_LocalScale.y
      value: 1
      objectReference: {fileID: 0}
    - target: {fileID: 4549598590440446, guid: 88d74c745a4fad049b1d3c84ed817ce7, type: 3}
      propertyPath: m_LocalScale.z
      value: 1
      objectReference: {fileID: 0}
    - target: {fileID: 4549598590440446, guid: 88d74c745a4fad049b1d3c84ed817ce7, type: 3}
      propertyPath: m_LocalPosition.x
      value: 0
      objectReference: {fileID: 0}
    - target: {fileID: 4549598590440446, guid: 88d74c745a4fad049b1d3c84ed817ce7, type: 3}
      propertyPath: m_LocalPosition.y
      value: -0.251
      objectReference: {fileID: 0}
    - target: {fileID: 4549598590440446, guid: 88d74c745a4fad049b1d3c84ed817ce7, type: 3}
      propertyPath: m_LocalPosition.z
      value: 0
      objectReference: {fileID: 0}
    - target: {fileID: 4549598590440446, guid: 88d74c745a4fad049b1d3c84ed817ce7, type: 3}
      propertyPath: m_LocalRotation.w
      value: 1
      objectReference: {fileID: 0}
    - target: {fileID: 4549598590440446, guid: 88d74c745a4fad049b1d3c84ed817ce7, type: 3}
      propertyPath: m_LocalRotation.x
      value: -0
      objectReference: {fileID: 0}
    - target: {fileID: 4549598590440446, guid: 88d74c745a4fad049b1d3c84ed817ce7, type: 3}
      propertyPath: m_LocalRotation.y
      value: -0
      objectReference: {fileID: 0}
    - target: {fileID: 4549598590440446, guid: 88d74c745a4fad049b1d3c84ed817ce7, type: 3}
      propertyPath: m_LocalRotation.z
      value: -0
      objectReference: {fileID: 0}
    - target: {fileID: 4549598590440446, guid: 88d74c745a4fad049b1d3c84ed817ce7, type: 3}
      propertyPath: m_LocalEulerAnglesHint.x
      value: 0
      objectReference: {fileID: 0}
    - target: {fileID: 4549598590440446, guid: 88d74c745a4fad049b1d3c84ed817ce7, type: 3}
      propertyPath: m_LocalEulerAnglesHint.y
      value: 0
      objectReference: {fileID: 0}
    - target: {fileID: 4549598590440446, guid: 88d74c745a4fad049b1d3c84ed817ce7, type: 3}
      propertyPath: m_LocalEulerAnglesHint.z
      value: 0
      objectReference: {fileID: 0}
    - target: {fileID: 205172051770668144, guid: 88d74c745a4fad049b1d3c84ed817ce7, type: 3}
      propertyPath: m_LODs.Array.data[2].screenRelativeHeight
      value: 0.002
      objectReference: {fileID: 0}
    m_RemovedComponents: []
  m_SourcePrefab: {fileID: 100100000, guid: 88d74c745a4fad049b1d3c84ed817ce7, type: 3}
--- !u!1 &189513366423923902 stripped
GameObject:
  m_CorrespondingSourceObject: {fileID: 1068987669586788, guid: 88d74c745a4fad049b1d3c84ed817ce7, type: 3}
  m_PrefabInstance: {fileID: 189860755958550490}
  m_PrefabAsset: {fileID: 0}
--- !u!65 &422220819445428888
BoxCollider:
  m_ObjectHideFlags: 0
  m_CorrespondingSourceObject: {fileID: 0}
  m_PrefabInstance: {fileID: 0}
  m_PrefabAsset: {fileID: 0}
  m_GameObject: {fileID: 189513366423923902}
  m_Material: {fileID: 0}
  m_IsTrigger: 0
  m_Enabled: 1
  serializedVersion: 2
  m_Size: {x: 0.5, y: 0.5, z: 0.5}
  m_Center: {x: 0, y: 0.25, z: 0}
--- !u!4 &194407468211166244 stripped
Transform:
  m_CorrespondingSourceObject: {fileID: 4549598590440446, guid: 88d74c745a4fad049b1d3c84ed817ce7, type: 3}
  m_PrefabInstance: {fileID: 189860755958550490}
  m_PrefabAsset: {fileID: 0}
--- !u!1001 &355141283570940586
PrefabInstance:
  m_ObjectHideFlags: 0
  serializedVersion: 2
  m_Modification:
    m_TransformParent: {fileID: 655410671452507884}
    m_Modifications:
    - target: {fileID: 1885473929928702, guid: 2cd9ea44444ec4462b1bf511ca06afcd, type: 3}
      propertyPath: m_Name
      value: stone_torch
      objectReference: {fileID: 0}
    - target: {fileID: 4134566267977720, guid: 2cd9ea44444ec4462b1bf511ca06afcd, type: 3}
      propertyPath: m_RootOrder
      value: 4
      objectReference: {fileID: 0}
    - target: {fileID: 4134566267977720, guid: 2cd9ea44444ec4462b1bf511ca06afcd, type: 3}
      propertyPath: m_LocalScale.x
      value: 0.5
      objectReference: {fileID: 0}
    - target: {fileID: 4134566267977720, guid: 2cd9ea44444ec4462b1bf511ca06afcd, type: 3}
      propertyPath: m_LocalScale.y
      value: 0.5
      objectReference: {fileID: 0}
    - target: {fileID: 4134566267977720, guid: 2cd9ea44444ec4462b1bf511ca06afcd, type: 3}
      propertyPath: m_LocalScale.z
      value: 0.5
      objectReference: {fileID: 0}
    - target: {fileID: 4134566267977720, guid: 2cd9ea44444ec4462b1bf511ca06afcd, type: 3}
      propertyPath: m_LocalPosition.x
      value: 1
      objectReference: {fileID: 0}
    - target: {fileID: 4134566267977720, guid: 2cd9ea44444ec4462b1bf511ca06afcd, type: 3}
      propertyPath: m_LocalPosition.y
      value: 0.25
      objectReference: {fileID: 0}
    - target: {fileID: 4134566267977720, guid: 2cd9ea44444ec4462b1bf511ca06afcd, type: 3}
      propertyPath: m_LocalPosition.z
      value: -1
      objectReference: {fileID: 0}
    - target: {fileID: 4134566267977720, guid: 2cd9ea44444ec4462b1bf511ca06afcd, type: 3}
      propertyPath: m_LocalRotation.w
      value: 1
      objectReference: {fileID: 0}
    - target: {fileID: 4134566267977720, guid: 2cd9ea44444ec4462b1bf511ca06afcd, type: 3}
      propertyPath: m_LocalRotation.x
      value: -0
      objectReference: {fileID: 0}
    - target: {fileID: 4134566267977720, guid: 2cd9ea44444ec4462b1bf511ca06afcd, type: 3}
      propertyPath: m_LocalRotation.y
      value: -0
      objectReference: {fileID: 0}
    - target: {fileID: 4134566267977720, guid: 2cd9ea44444ec4462b1bf511ca06afcd, type: 3}
      propertyPath: m_LocalRotation.z
      value: -0
      objectReference: {fileID: 0}
    - target: {fileID: 4134566267977720, guid: 2cd9ea44444ec4462b1bf511ca06afcd, type: 3}
      propertyPath: m_LocalEulerAnglesHint.x
      value: 0
      objectReference: {fileID: 0}
    - target: {fileID: 4134566267977720, guid: 2cd9ea44444ec4462b1bf511ca06afcd, type: 3}
      propertyPath: m_LocalEulerAnglesHint.y
      value: 0
      objectReference: {fileID: 0}
    - target: {fileID: 4134566267977720, guid: 2cd9ea44444ec4462b1bf511ca06afcd, type: 3}
      propertyPath: m_LocalEulerAnglesHint.z
      value: 0
      objectReference: {fileID: 0}
    - target: {fileID: 205653645883688904, guid: 2cd9ea44444ec4462b1bf511ca06afcd, type: 3}
      propertyPath: m_LODs.Array.data[2].screenRelativeHeight
      value: 0.002
      objectReference: {fileID: 0}
    m_RemovedComponents: []
  m_SourcePrefab: {fileID: 100100000, guid: 2cd9ea44444ec4462b1bf511ca06afcd, type: 3}
--- !u!4 &352133167825651026 stripped
Transform:
  m_CorrespondingSourceObject: {fileID: 4134566267977720, guid: 2cd9ea44444ec4462b1bf511ca06afcd, type: 3}
  m_PrefabInstance: {fileID: 355141283570940586}
  m_PrefabAsset: {fileID: 0}
--- !u!1 &354383359738242388 stripped
GameObject:
  m_CorrespondingSourceObject: {fileID: 1885473929928702, guid: 2cd9ea44444ec4462b1bf511ca06afcd, type: 3}
  m_PrefabInstance: {fileID: 355141283570940586}
  m_PrefabAsset: {fileID: 0}
--- !u!65 &1831252976238248705
BoxCollider:
  m_ObjectHideFlags: 0
  m_CorrespondingSourceObject: {fileID: 0}
  m_PrefabInstance: {fileID: 0}
  m_PrefabAsset: {fileID: 0}
  m_GameObject: {fileID: 354383359738242388}
  m_Material: {fileID: 0}
  m_IsTrigger: 0
  m_Enabled: 1
  serializedVersion: 2
  m_Size: {x: 1, y: 1, z: 1}
  m_Center: {x: 0, y: 0, z: 0}
--- !u!1001 &1053844297935510979
PrefabInstance:
  m_ObjectHideFlags: 0
  serializedVersion: 2
  m_Modification:
    m_TransformParent: {fileID: 655410670692749183}
    m_Modifications:
    - target: {fileID: 1400228509039700, guid: 1e3e89a9932575644ae6697c585dc150, type: 3}
      propertyPath: m_Name
      value: stone_cube_2
      objectReference: {fileID: 0}
    - target: {fileID: 4065223895735050, guid: 1e3e89a9932575644ae6697c585dc150, type: 3}
      propertyPath: m_RootOrder
      value: 1
      objectReference: {fileID: 0}
    - target: {fileID: 4065223895735050, guid: 1e3e89a9932575644ae6697c585dc150, type: 3}
      propertyPath: m_LocalScale.x
      value: 0.5
      objectReference: {fileID: 0}
    - target: {fileID: 4065223895735050, guid: 1e3e89a9932575644ae6697c585dc150, type: 3}
      propertyPath: m_LocalScale.y
      value: 0.5
      objectReference: {fileID: 0}
    - target: {fileID: 4065223895735050, guid: 1e3e89a9932575644ae6697c585dc150, type: 3}
      propertyPath: m_LocalScale.z
      value: 0.5
      objectReference: {fileID: 0}
    - target: {fileID: 4065223895735050, guid: 1e3e89a9932575644ae6697c585dc150, type: 3}
      propertyPath: m_LocalPosition.x
      value: 0
      objectReference: {fileID: 0}
    - target: {fileID: 4065223895735050, guid: 1e3e89a9932575644ae6697c585dc150, type: 3}
      propertyPath: m_LocalPosition.y
      value: 0
      objectReference: {fileID: 0}
    - target: {fileID: 4065223895735050, guid: 1e3e89a9932575644ae6697c585dc150, type: 3}
      propertyPath: m_LocalPosition.z
      value: 0
      objectReference: {fileID: 0}
    - target: {fileID: 4065223895735050, guid: 1e3e89a9932575644ae6697c585dc150, type: 3}
      propertyPath: m_LocalRotation.w
      value: 1
      objectReference: {fileID: 0}
    - target: {fileID: 4065223895735050, guid: 1e3e89a9932575644ae6697c585dc150, type: 3}
      propertyPath: m_LocalRotation.x
      value: -0
      objectReference: {fileID: 0}
    - target: {fileID: 4065223895735050, guid: 1e3e89a9932575644ae6697c585dc150, type: 3}
      propertyPath: m_LocalRotation.y
      value: -0
      objectReference: {fileID: 0}
    - target: {fileID: 4065223895735050, guid: 1e3e89a9932575644ae6697c585dc150, type: 3}
      propertyPath: m_LocalRotation.z
      value: -0
      objectReference: {fileID: 0}
    - target: {fileID: 4065223895735050, guid: 1e3e89a9932575644ae6697c585dc150, type: 3}
      propertyPath: m_LocalEulerAnglesHint.x
      value: 0
      objectReference: {fileID: 0}
    - target: {fileID: 4065223895735050, guid: 1e3e89a9932575644ae6697c585dc150, type: 3}
      propertyPath: m_LocalEulerAnglesHint.y
      value: 0
      objectReference: {fileID: 0}
    - target: {fileID: 4065223895735050, guid: 1e3e89a9932575644ae6697c585dc150, type: 3}
      propertyPath: m_LocalEulerAnglesHint.z
      value: 0
      objectReference: {fileID: 0}
    - target: {fileID: 205495915376562104, guid: 1e3e89a9932575644ae6697c585dc150, type: 3}
      propertyPath: m_LODs.Array.data[2].screenRelativeHeight
      value: 0.002
      objectReference: {fileID: 0}
    m_RemovedComponents: []
  m_SourcePrefab: {fileID: 100100000, guid: 1e3e89a9932575644ae6697c585dc150, type: 3}
--- !u!1 &1055241227305673111 stripped
GameObject:
  m_CorrespondingSourceObject: {fileID: 1400228509039700, guid: 1e3e89a9932575644ae6697c585dc150, type: 3}
  m_PrefabInstance: {fileID: 1053844297935510979}
  m_PrefabAsset: {fileID: 0}
--- !u!65 &8724353698073513872
BoxCollider:
  m_ObjectHideFlags: 0
  m_CorrespondingSourceObject: {fileID: 0}
  m_PrefabInstance: {fileID: 0}
  m_PrefabAsset: {fileID: 0}
  m_GameObject: {fileID: 1055241227305673111}
  m_Material: {fileID: 0}
  m_IsTrigger: 0
  m_Enabled: 1
  serializedVersion: 2
  m_Size: {x: 1, y: 1, z: 1}
  m_Center: {x: 0, y: 0, z: 0}
--- !u!4 &1057906668294670025 stripped
Transform:
  m_CorrespondingSourceObject: {fileID: 4065223895735050, guid: 1e3e89a9932575644ae6697c585dc150, type: 3}
  m_PrefabInstance: {fileID: 1053844297935510979}
  m_PrefabAsset: {fileID: 0}
--- !u!1001 &1791136012979474179
PrefabInstance:
  m_ObjectHideFlags: 0
  serializedVersion: 2
  m_Modification:
    m_TransformParent: {fileID: 655410671452507884}
    m_Modifications:
    - target: {fileID: 1885473929928702, guid: 2cd9ea44444ec4462b1bf511ca06afcd, type: 3}
      propertyPath: m_Name
      value: stone_torch (1)
      objectReference: {fileID: 0}
    - target: {fileID: 4134566267977720, guid: 2cd9ea44444ec4462b1bf511ca06afcd, type: 3}
      propertyPath: m_RootOrder
      value: 6
      objectReference: {fileID: 0}
    - target: {fileID: 4134566267977720, guid: 2cd9ea44444ec4462b1bf511ca06afcd, type: 3}
      propertyPath: m_LocalScale.x
      value: 0.5
      objectReference: {fileID: 0}
    - target: {fileID: 4134566267977720, guid: 2cd9ea44444ec4462b1bf511ca06afcd, type: 3}
      propertyPath: m_LocalScale.y
      value: 0.5
      objectReference: {fileID: 0}
    - target: {fileID: 4134566267977720, guid: 2cd9ea44444ec4462b1bf511ca06afcd, type: 3}
      propertyPath: m_LocalScale.z
      value: 0.5
      objectReference: {fileID: 0}
    - target: {fileID: 4134566267977720, guid: 2cd9ea44444ec4462b1bf511ca06afcd, type: 3}
      propertyPath: m_LocalPosition.x
      value: -1
      objectReference: {fileID: 0}
    - target: {fileID: 4134566267977720, guid: 2cd9ea44444ec4462b1bf511ca06afcd, type: 3}
      propertyPath: m_LocalPosition.y
      value: 0.25
      objectReference: {fileID: 0}
    - target: {fileID: 4134566267977720, guid: 2cd9ea44444ec4462b1bf511ca06afcd, type: 3}
      propertyPath: m_LocalPosition.z
      value: -1
      objectReference: {fileID: 0}
    - target: {fileID: 4134566267977720, guid: 2cd9ea44444ec4462b1bf511ca06afcd, type: 3}
      propertyPath: m_LocalRotation.w
      value: 1
      objectReference: {fileID: 0}
    - target: {fileID: 4134566267977720, guid: 2cd9ea44444ec4462b1bf511ca06afcd, type: 3}
      propertyPath: m_LocalRotation.x
      value: -0
      objectReference: {fileID: 0}
    - target: {fileID: 4134566267977720, guid: 2cd9ea44444ec4462b1bf511ca06afcd, type: 3}
      propertyPath: m_LocalRotation.y
      value: -0
      objectReference: {fileID: 0}
    - target: {fileID: 4134566267977720, guid: 2cd9ea44444ec4462b1bf511ca06afcd, type: 3}
      propertyPath: m_LocalRotation.z
      value: -0
      objectReference: {fileID: 0}
    - target: {fileID: 4134566267977720, guid: 2cd9ea44444ec4462b1bf511ca06afcd, type: 3}
      propertyPath: m_LocalEulerAnglesHint.x
      value: 0
      objectReference: {fileID: 0}
    - target: {fileID: 4134566267977720, guid: 2cd9ea44444ec4462b1bf511ca06afcd, type: 3}
      propertyPath: m_LocalEulerAnglesHint.y
      value: 0
      objectReference: {fileID: 0}
    - target: {fileID: 4134566267977720, guid: 2cd9ea44444ec4462b1bf511ca06afcd, type: 3}
      propertyPath: m_LocalEulerAnglesHint.z
      value: 0
      objectReference: {fileID: 0}
    - target: {fileID: 205653645883688904, guid: 2cd9ea44444ec4462b1bf511ca06afcd, type: 3}
      propertyPath: m_LODs.Array.data[2].screenRelativeHeight
      value: 0.002
      objectReference: {fileID: 0}
    m_RemovedComponents:
    - {fileID: 95125762013862258, guid: 2cd9ea44444ec4462b1bf511ca06afcd, type: 3}
  m_SourcePrefab: {fileID: 100100000, guid: 2cd9ea44444ec4462b1bf511ca06afcd, type: 3}
--- !u!4 &1789570534875263227 stripped
Transform:
  m_CorrespondingSourceObject: {fileID: 4134566267977720, guid: 2cd9ea44444ec4462b1bf511ca06afcd, type: 3}
  m_PrefabInstance: {fileID: 1791136012979474179}
  m_PrefabAsset: {fileID: 0}
--- !u!1 &1791823946880815357 stripped
GameObject:
  m_CorrespondingSourceObject: {fileID: 1885473929928702, guid: 2cd9ea44444ec4462b1bf511ca06afcd, type: 3}
  m_PrefabInstance: {fileID: 1791136012979474179}
  m_PrefabAsset: {fileID: 0}
--- !u!65 &7223062966776313906
BoxCollider:
  m_ObjectHideFlags: 0
  m_CorrespondingSourceObject: {fileID: 0}
  m_PrefabInstance: {fileID: 0}
  m_PrefabAsset: {fileID: 0}
  m_GameObject: {fileID: 1791823946880815357}
  m_Material: {fileID: 0}
  m_IsTrigger: 0
  m_Enabled: 1
  serializedVersion: 2
  m_Size: {x: 1, y: 1, z: 1}
  m_Center: {x: 0, y: 0, z: 0}
--- !u!1001 &2402782360180666744
PrefabInstance:
  m_ObjectHideFlags: 0
  serializedVersion: 2
  m_Modification:
    m_TransformParent: {fileID: 655410669867262527}
    m_Modifications:
    - target: {fileID: 1654105625470868, guid: 5a2a14fa952f0394e808a25703dc77fd, type: 3}
      propertyPath: m_Name
      value: stone_cube_5 (2)
      objectReference: {fileID: 0}
    - target: {fileID: 4913966236157798, guid: 5a2a14fa952f0394e808a25703dc77fd, type: 3}
      propertyPath: m_RootOrder
      value: 2
      objectReference: {fileID: 0}
    - target: {fileID: 4913966236157798, guid: 5a2a14fa952f0394e808a25703dc77fd, type: 3}
      propertyPath: m_LocalScale.x
      value: 0.5
      objectReference: {fileID: 0}
    - target: {fileID: 4913966236157798, guid: 5a2a14fa952f0394e808a25703dc77fd, type: 3}
      propertyPath: m_LocalScale.y
      value: 0.5
      objectReference: {fileID: 0}
    - target: {fileID: 4913966236157798, guid: 5a2a14fa952f0394e808a25703dc77fd, type: 3}
      propertyPath: m_LocalScale.z
      value: 0.5
      objectReference: {fileID: 0}
    - target: {fileID: 4913966236157798, guid: 5a2a14fa952f0394e808a25703dc77fd, type: 3}
      propertyPath: m_LocalPosition.x
      value: 0
      objectReference: {fileID: 0}
    - target: {fileID: 4913966236157798, guid: 5a2a14fa952f0394e808a25703dc77fd, type: 3}
      propertyPath: m_LocalPosition.y
      value: 0
      objectReference: {fileID: 0}
    - target: {fileID: 4913966236157798, guid: 5a2a14fa952f0394e808a25703dc77fd, type: 3}
      propertyPath: m_LocalPosition.z
      value: 0.496
      objectReference: {fileID: 0}
    - target: {fileID: 4913966236157798, guid: 5a2a14fa952f0394e808a25703dc77fd, type: 3}
      propertyPath: m_LocalRotation.w
      value: 0.70710653
      objectReference: {fileID: 0}
    - target: {fileID: 4913966236157798, guid: 5a2a14fa952f0394e808a25703dc77fd, type: 3}
      propertyPath: m_LocalRotation.x
      value: -0
      objectReference: {fileID: 0}
    - target: {fileID: 4913966236157798, guid: 5a2a14fa952f0394e808a25703dc77fd, type: 3}
      propertyPath: m_LocalRotation.y
      value: 0.70710707
      objectReference: {fileID: 0}
    - target: {fileID: 4913966236157798, guid: 5a2a14fa952f0394e808a25703dc77fd, type: 3}
      propertyPath: m_LocalRotation.z
      value: -0
      objectReference: {fileID: 0}
    - target: {fileID: 4913966236157798, guid: 5a2a14fa952f0394e808a25703dc77fd, type: 3}
      propertyPath: m_LocalEulerAnglesHint.x
      value: 0
      objectReference: {fileID: 0}
    - target: {fileID: 4913966236157798, guid: 5a2a14fa952f0394e808a25703dc77fd, type: 3}
      propertyPath: m_LocalEulerAnglesHint.y
      value: 90
      objectReference: {fileID: 0}
    - target: {fileID: 4913966236157798, guid: 5a2a14fa952f0394e808a25703dc77fd, type: 3}
      propertyPath: m_LocalEulerAnglesHint.z
      value: 0
      objectReference: {fileID: 0}
    - target: {fileID: 205093625471653700, guid: 5a2a14fa952f0394e808a25703dc77fd, type: 3}
      propertyPath: m_LODs.Array.data[2].screenRelativeHeight
      value: 0.002
      objectReference: {fileID: 0}
    m_RemovedComponents: []
  m_SourcePrefab: {fileID: 100100000, guid: 5a2a14fa952f0394e808a25703dc77fd, type: 3}
--- !u!4 &2398466876189799966 stripped
Transform:
  m_CorrespondingSourceObject: {fileID: 4913966236157798, guid: 5a2a14fa952f0394e808a25703dc77fd, type: 3}
  m_PrefabInstance: {fileID: 2402782360180666744}
  m_PrefabAsset: {fileID: 0}
--- !u!1 &2404224788540069612 stripped
GameObject:
  m_CorrespondingSourceObject: {fileID: 1654105625470868, guid: 5a2a14fa952f0394e808a25703dc77fd, type: 3}
  m_PrefabInstance: {fileID: 2402782360180666744}
  m_PrefabAsset: {fileID: 0}
--- !u!65 &3513888002706716794
BoxCollider:
  m_ObjectHideFlags: 0
  m_CorrespondingSourceObject: {fileID: 0}
  m_PrefabInstance: {fileID: 0}
  m_PrefabAsset: {fileID: 0}
  m_GameObject: {fileID: 2404224788540069612}
  m_Material: {fileID: 0}
  m_IsTrigger: 0
  m_Enabled: 1
  serializedVersion: 2
  m_Size: {x: 1, y: 1, z: 1}
  m_Center: {x: 0, y: 0, z: 0}
--- !u!1001 &3277366331066593462
PrefabInstance:
  m_ObjectHideFlags: 0
  serializedVersion: 2
  m_Modification:
    m_TransformParent: {fileID: 655410669572353288}
    m_Modifications:
    - target: {fileID: 1400228509039700, guid: 1e3e89a9932575644ae6697c585dc150, type: 3}
      propertyPath: m_Name
      value: stone_cube_2 (3)
      objectReference: {fileID: 0}
    - target: {fileID: 4065223895735050, guid: 1e3e89a9932575644ae6697c585dc150, type: 3}
      propertyPath: m_RootOrder
      value: 1
      objectReference: {fileID: 0}
    - target: {fileID: 4065223895735050, guid: 1e3e89a9932575644ae6697c585dc150, type: 3}
      propertyPath: m_LocalScale.x
      value: 0.5
      objectReference: {fileID: 0}
    - target: {fileID: 4065223895735050, guid: 1e3e89a9932575644ae6697c585dc150, type: 3}
      propertyPath: m_LocalScale.y
      value: 0.5
      objectReference: {fileID: 0}
    - target: {fileID: 4065223895735050, guid: 1e3e89a9932575644ae6697c585dc150, type: 3}
      propertyPath: m_LocalScale.z
      value: 0.5
      objectReference: {fileID: 0}
    - target: {fileID: 4065223895735050, guid: 1e3e89a9932575644ae6697c585dc150, type: 3}
      propertyPath: m_LocalPosition.x
      value: 0
      objectReference: {fileID: 0}
    - target: {fileID: 4065223895735050, guid: 1e3e89a9932575644ae6697c585dc150, type: 3}
      propertyPath: m_LocalPosition.y
      value: 0
      objectReference: {fileID: 0}
    - target: {fileID: 4065223895735050, guid: 1e3e89a9932575644ae6697c585dc150, type: 3}
      propertyPath: m_LocalPosition.z
      value: -0.0039999485
      objectReference: {fileID: 0}
    - target: {fileID: 4065223895735050, guid: 1e3e89a9932575644ae6697c585dc150, type: 3}
      propertyPath: m_LocalRotation.w
      value: 0.70710653
      objectReference: {fileID: 0}
    - target: {fileID: 4065223895735050, guid: 1e3e89a9932575644ae6697c585dc150, type: 3}
      propertyPath: m_LocalRotation.x
      value: -0
      objectReference: {fileID: 0}
    - target: {fileID: 4065223895735050, guid: 1e3e89a9932575644ae6697c585dc150, type: 3}
      propertyPath: m_LocalRotation.y
      value: 0.70710707
      objectReference: {fileID: 0}
    - target: {fileID: 4065223895735050, guid: 1e3e89a9932575644ae6697c585dc150, type: 3}
      propertyPath: m_LocalRotation.z
      value: -0
      objectReference: {fileID: 0}
    - target: {fileID: 4065223895735050, guid: 1e3e89a9932575644ae6697c585dc150, type: 3}
      propertyPath: m_LocalEulerAnglesHint.x
      value: 0
      objectReference: {fileID: 0}
    - target: {fileID: 4065223895735050, guid: 1e3e89a9932575644ae6697c585dc150, type: 3}
      propertyPath: m_LocalEulerAnglesHint.y
      value: 90
      objectReference: {fileID: 0}
    - target: {fileID: 4065223895735050, guid: 1e3e89a9932575644ae6697c585dc150, type: 3}
      propertyPath: m_LocalEulerAnglesHint.z
      value: 0
      objectReference: {fileID: 0}
    - target: {fileID: 205495915376562104, guid: 1e3e89a9932575644ae6697c585dc150, type: 3}
      propertyPath: m_LODs.Array.data[2].screenRelativeHeight
      value: 0.002
      objectReference: {fileID: 0}
    m_RemovedComponents: []
  m_SourcePrefab: {fileID: 100100000, guid: 1e3e89a9932575644ae6697c585dc150, type: 3}
--- !u!4 &3275799306043419580 stripped
Transform:
  m_CorrespondingSourceObject: {fileID: 4065223895735050, guid: 1e3e89a9932575644ae6697c585dc150, type: 3}
  m_PrefabInstance: {fileID: 3277366331066593462}
  m_PrefabAsset: {fileID: 0}
--- !u!1 &3278465292517117154 stripped
GameObject:
  m_CorrespondingSourceObject: {fileID: 1400228509039700, guid: 1e3e89a9932575644ae6697c585dc150, type: 3}
  m_PrefabInstance: {fileID: 3277366331066593462}
  m_PrefabAsset: {fileID: 0}
--- !u!65 &4440375438154731199
BoxCollider:
  m_ObjectHideFlags: 0
  m_CorrespondingSourceObject: {fileID: 0}
  m_PrefabInstance: {fileID: 0}
  m_PrefabAsset: {fileID: 0}
  m_GameObject: {fileID: 3278465292517117154}
  m_Material: {fileID: 0}
  m_IsTrigger: 0
  m_Enabled: 1
  serializedVersion: 2
  m_Size: {x: 1, y: 1, z: 1}
  m_Center: {x: 0, y: 0, z: 0}
--- !u!1001 &4133355854421803455
PrefabInstance:
  m_ObjectHideFlags: 0
  serializedVersion: 2
  m_Modification:
    m_TransformParent: {fileID: 655410670692749183}
    m_Modifications:
    - target: {fileID: 1654105625470868, guid: 5a2a14fa952f0394e808a25703dc77fd, type: 3}
      propertyPath: m_Name
      value: stone_cube_5
      objectReference: {fileID: 0}
    - target: {fileID: 4913966236157798, guid: 5a2a14fa952f0394e808a25703dc77fd, type: 3}
      propertyPath: m_RootOrder
      value: 2
      objectReference: {fileID: 0}
    - target: {fileID: 4913966236157798, guid: 5a2a14fa952f0394e808a25703dc77fd, type: 3}
      propertyPath: m_LocalScale.x
      value: 0.5
      objectReference: {fileID: 0}
    - target: {fileID: 4913966236157798, guid: 5a2a14fa952f0394e808a25703dc77fd, type: 3}
      propertyPath: m_LocalScale.y
      value: 0.5
      objectReference: {fileID: 0}
    - target: {fileID: 4913966236157798, guid: 5a2a14fa952f0394e808a25703dc77fd, type: 3}
      propertyPath: m_LocalScale.z
      value: 0.5
      objectReference: {fileID: 0}
    - target: {fileID: 4913966236157798, guid: 5a2a14fa952f0394e808a25703dc77fd, type: 3}
      propertyPath: m_LocalPosition.x
      value: -0.5
      objectReference: {fileID: 0}
    - target: {fileID: 4913966236157798, guid: 5a2a14fa952f0394e808a25703dc77fd, type: 3}
      propertyPath: m_LocalPosition.y
      value: 0
      objectReference: {fileID: 0}
    - target: {fileID: 4913966236157798, guid: 5a2a14fa952f0394e808a25703dc77fd, type: 3}
      propertyPath: m_LocalPosition.z
      value: 0
      objectReference: {fileID: 0}
    - target: {fileID: 4913966236157798, guid: 5a2a14fa952f0394e808a25703dc77fd, type: 3}
      propertyPath: m_LocalRotation.w
      value: 1
      objectReference: {fileID: 0}
    - target: {fileID: 4913966236157798, guid: 5a2a14fa952f0394e808a25703dc77fd, type: 3}
      propertyPath: m_LocalRotation.x
      value: -0
      objectReference: {fileID: 0}
    - target: {fileID: 4913966236157798, guid: 5a2a14fa952f0394e808a25703dc77fd, type: 3}
      propertyPath: m_LocalRotation.y
      value: -0
      objectReference: {fileID: 0}
    - target: {fileID: 4913966236157798, guid: 5a2a14fa952f0394e808a25703dc77fd, type: 3}
      propertyPath: m_LocalRotation.z
      value: -0
      objectReference: {fileID: 0}
    - target: {fileID: 4913966236157798, guid: 5a2a14fa952f0394e808a25703dc77fd, type: 3}
      propertyPath: m_LocalEulerAnglesHint.x
      value: 0
      objectReference: {fileID: 0}
    - target: {fileID: 4913966236157798, guid: 5a2a14fa952f0394e808a25703dc77fd, type: 3}
      propertyPath: m_LocalEulerAnglesHint.y
      value: 0
      objectReference: {fileID: 0}
    - target: {fileID: 4913966236157798, guid: 5a2a14fa952f0394e808a25703dc77fd, type: 3}
      propertyPath: m_LocalEulerAnglesHint.z
      value: 0
      objectReference: {fileID: 0}
    - target: {fileID: 205093625471653700, guid: 5a2a14fa952f0394e808a25703dc77fd, type: 3}
      propertyPath: m_LODs.Array.data[2].screenRelativeHeight
      value: 0.002
      objectReference: {fileID: 0}
    m_RemovedComponents: []
  m_SourcePrefab: {fileID: 100100000, guid: 5a2a14fa952f0394e808a25703dc77fd, type: 3}
--- !u!4 &4129190053331470041 stripped
Transform:
  m_CorrespondingSourceObject: {fileID: 4913966236157798, guid: 5a2a14fa952f0394e808a25703dc77fd, type: 3}
  m_PrefabInstance: {fileID: 4133355854421803455}
  m_PrefabAsset: {fileID: 0}
--- !u!1 &4132405766486091307 stripped
GameObject:
  m_CorrespondingSourceObject: {fileID: 1654105625470868, guid: 5a2a14fa952f0394e808a25703dc77fd, type: 3}
  m_PrefabInstance: {fileID: 4133355854421803455}
  m_PrefabAsset: {fileID: 0}
--- !u!65 &4993184213692233257
BoxCollider:
  m_ObjectHideFlags: 0
  m_CorrespondingSourceObject: {fileID: 0}
  m_PrefabInstance: {fileID: 0}
  m_PrefabAsset: {fileID: 0}
  m_GameObject: {fileID: 4132405766486091307}
  m_Material: {fileID: 0}
  m_IsTrigger: 0
  m_Enabled: 1
  serializedVersion: 2
  m_Size: {x: 1, y: 1, z: 1}
  m_Center: {x: 0, y: 0, z: 0}
--- !u!1001 &4394110080546326594
PrefabInstance:
  m_ObjectHideFlags: 0
  serializedVersion: 2
  m_Modification:
    m_TransformParent: {fileID: 655410670681803392}
    m_Modifications:
    - target: {fileID: 1943570265341650, guid: 045a658b5fcaf1944a040e1cd895f677, type: 3}
      propertyPath: m_Name
      value: wooden_box_1 (2)
      objectReference: {fileID: 0}
    - target: {fileID: 4207257272733908, guid: 045a658b5fcaf1944a040e1cd895f677, type: 3}
      propertyPath: m_RootOrder
      value: 2
      objectReference: {fileID: 0}
    - target: {fileID: 4207257272733908, guid: 045a658b5fcaf1944a040e1cd895f677, type: 3}
      propertyPath: m_LocalScale.x
      value: 0.5
      objectReference: {fileID: 0}
    - target: {fileID: 4207257272733908, guid: 045a658b5fcaf1944a040e1cd895f677, type: 3}
      propertyPath: m_LocalScale.y
      value: 0.5
      objectReference: {fileID: 0}
    - target: {fileID: 4207257272733908, guid: 045a658b5fcaf1944a040e1cd895f677, type: 3}
      propertyPath: m_LocalScale.z
      value: 0.5
      objectReference: {fileID: 0}
    - target: {fileID: 4207257272733908, guid: 045a658b5fcaf1944a040e1cd895f677, type: 3}
      propertyPath: m_LocalPosition.x
      value: -0.5
      objectReference: {fileID: 0}
    - target: {fileID: 4207257272733908, guid: 045a658b5fcaf1944a040e1cd895f677, type: 3}
      propertyPath: m_LocalPosition.y
      value: 0
      objectReference: {fileID: 0}
    - target: {fileID: 4207257272733908, guid: 045a658b5fcaf1944a040e1cd895f677, type: 3}
      propertyPath: m_LocalPosition.z
      value: 0
      objectReference: {fileID: 0}
    - target: {fileID: 4207257272733908, guid: 045a658b5fcaf1944a040e1cd895f677, type: 3}
      propertyPath: m_LocalRotation.w
      value: 1
      objectReference: {fileID: 0}
    - target: {fileID: 4207257272733908, guid: 045a658b5fcaf1944a040e1cd895f677, type: 3}
      propertyPath: m_LocalRotation.x
      value: -0
      objectReference: {fileID: 0}
    - target: {fileID: 4207257272733908, guid: 045a658b5fcaf1944a040e1cd895f677, type: 3}
      propertyPath: m_LocalRotation.y
      value: -0
      objectReference: {fileID: 0}
    - target: {fileID: 4207257272733908, guid: 045a658b5fcaf1944a040e1cd895f677, type: 3}
      propertyPath: m_LocalRotation.z
      value: -0
      objectReference: {fileID: 0}
    - target: {fileID: 4207257272733908, guid: 045a658b5fcaf1944a040e1cd895f677, type: 3}
      propertyPath: m_LocalEulerAnglesHint.x
      value: 0
      objectReference: {fileID: 0}
    - target: {fileID: 4207257272733908, guid: 045a658b5fcaf1944a040e1cd895f677, type: 3}
      propertyPath: m_LocalEulerAnglesHint.y
      value: 0
      objectReference: {fileID: 0}
    - target: {fileID: 4207257272733908, guid: 045a658b5fcaf1944a040e1cd895f677, type: 3}
      propertyPath: m_LocalEulerAnglesHint.z
      value: 0
      objectReference: {fileID: 0}
    - target: {fileID: 205799227297982880, guid: 045a658b5fcaf1944a040e1cd895f677, type: 3}
      propertyPath: m_LODs.Array.data[2].screenRelativeHeight
      value: 0.002
      objectReference: {fileID: 0}
    m_RemovedComponents: []
  m_SourcePrefab: {fileID: 100100000, guid: 045a658b5fcaf1944a040e1cd895f677, type: 3}
--- !u!4 &4392682733643831446 stripped
Transform:
  m_CorrespondingSourceObject: {fileID: 4207257272733908, guid: 045a658b5fcaf1944a040e1cd895f677, type: 3}
  m_PrefabInstance: {fileID: 4394110080546326594}
  m_PrefabAsset: {fileID: 0}
--- !u!1 &4394920036396938896 stripped
GameObject:
  m_CorrespondingSourceObject: {fileID: 1943570265341650, guid: 045a658b5fcaf1944a040e1cd895f677, type: 3}
  m_PrefabInstance: {fileID: 4394110080546326594}
  m_PrefabAsset: {fileID: 0}
--- !u!65 &6700187012394053608
BoxCollider:
  m_ObjectHideFlags: 0
  m_CorrespondingSourceObject: {fileID: 0}
  m_PrefabInstance: {fileID: 0}
  m_PrefabAsset: {fileID: 0}
  m_GameObject: {fileID: 4394920036396938896}
  m_Material: {fileID: 0}
  m_IsTrigger: 0
  m_Enabled: 1
  serializedVersion: 2
  m_Size: {x: 1, y: 1, z: 1}
  m_Center: {x: 0, y: 0, z: 0}
--- !u!1001 &6421756229340847473
PrefabInstance:
  m_ObjectHideFlags: 0
  serializedVersion: 2
  m_Modification:
    m_TransformParent: {fileID: 655410669572353288}
    m_Modifications:
    - target: {fileID: 1890052976583762, guid: 53b9e2e8c2c1ed2439a09c2ab3fb11e4, type: 3}
      propertyPath: m_Name
      value: stone_cube_1 (3)
      objectReference: {fileID: 0}
    - target: {fileID: 4918646994956912, guid: 53b9e2e8c2c1ed2439a09c2ab3fb11e4, type: 3}
      propertyPath: m_RootOrder
      value: 0
      objectReference: {fileID: 0}
    - target: {fileID: 4918646994956912, guid: 53b9e2e8c2c1ed2439a09c2ab3fb11e4, type: 3}
      propertyPath: m_LocalScale.x
      value: 0.5
      objectReference: {fileID: 0}
    - target: {fileID: 4918646994956912, guid: 53b9e2e8c2c1ed2439a09c2ab3fb11e4, type: 3}
      propertyPath: m_LocalScale.y
      value: 0.5
      objectReference: {fileID: 0}
    - target: {fileID: 4918646994956912, guid: 53b9e2e8c2c1ed2439a09c2ab3fb11e4, type: 3}
      propertyPath: m_LocalScale.z
      value: 0.5
      objectReference: {fileID: 0}
    - target: {fileID: 4918646994956912, guid: 53b9e2e8c2c1ed2439a09c2ab3fb11e4, type: 3}
      propertyPath: m_LocalPosition.x
      value: 0
      objectReference: {fileID: 0}
    - target: {fileID: 4918646994956912, guid: 53b9e2e8c2c1ed2439a09c2ab3fb11e4, type: 3}
      propertyPath: m_LocalPosition.y
      value: 0
      objectReference: {fileID: 0}
    - target: {fileID: 4918646994956912, guid: 53b9e2e8c2c1ed2439a09c2ab3fb11e4, type: 3}
      propertyPath: m_LocalPosition.z
      value: -0.5039999
      objectReference: {fileID: 0}
    - target: {fileID: 4918646994956912, guid: 53b9e2e8c2c1ed2439a09c2ab3fb11e4, type: 3}
      propertyPath: m_LocalRotation.w
      value: 0.70710653
      objectReference: {fileID: 0}
    - target: {fileID: 4918646994956912, guid: 53b9e2e8c2c1ed2439a09c2ab3fb11e4, type: 3}
      propertyPath: m_LocalRotation.x
      value: -0
      objectReference: {fileID: 0}
    - target: {fileID: 4918646994956912, guid: 53b9e2e8c2c1ed2439a09c2ab3fb11e4, type: 3}
      propertyPath: m_LocalRotation.y
      value: 0.70710707
      objectReference: {fileID: 0}
    - target: {fileID: 4918646994956912, guid: 53b9e2e8c2c1ed2439a09c2ab3fb11e4, type: 3}
      propertyPath: m_LocalRotation.z
      value: -0
      objectReference: {fileID: 0}
    - target: {fileID: 4918646994956912, guid: 53b9e2e8c2c1ed2439a09c2ab3fb11e4, type: 3}
      propertyPath: m_LocalEulerAnglesHint.x
      value: 0
      objectReference: {fileID: 0}
    - target: {fileID: 4918646994956912, guid: 53b9e2e8c2c1ed2439a09c2ab3fb11e4, type: 3}
      propertyPath: m_LocalEulerAnglesHint.y
      value: 90
      objectReference: {fileID: 0}
    - target: {fileID: 4918646994956912, guid: 53b9e2e8c2c1ed2439a09c2ab3fb11e4, type: 3}
      propertyPath: m_LocalEulerAnglesHint.z
      value: 0
      objectReference: {fileID: 0}
    - target: {fileID: 205896835006792086, guid: 53b9e2e8c2c1ed2439a09c2ab3fb11e4, type: 3}
      propertyPath: m_LODs.Array.data[2].screenRelativeHeight
      value: 0.002
      objectReference: {fileID: 0}
    m_RemovedComponents: []
  m_SourcePrefab: {fileID: 100100000, guid: 53b9e2e8c2c1ed2439a09c2ab3fb11e4, type: 3}
--- !u!4 &6417576967237512961 stripped
Transform:
  m_CorrespondingSourceObject: {fileID: 4918646994956912, guid: 53b9e2e8c2c1ed2439a09c2ab3fb11e4, type: 3}
  m_PrefabInstance: {fileID: 6421756229340847473}
  m_PrefabAsset: {fileID: 0}
--- !u!1 &6419916152612714787 stripped
GameObject:
  m_CorrespondingSourceObject: {fileID: 1890052976583762, guid: 53b9e2e8c2c1ed2439a09c2ab3fb11e4, type: 3}
  m_PrefabInstance: {fileID: 6421756229340847473}
  m_PrefabAsset: {fileID: 0}
--- !u!65 &238078827679544798
BoxCollider:
  m_ObjectHideFlags: 0
  m_CorrespondingSourceObject: {fileID: 0}
  m_PrefabInstance: {fileID: 0}
  m_PrefabAsset: {fileID: 0}
  m_GameObject: {fileID: 6419916152612714787}
  m_Material: {fileID: 0}
  m_IsTrigger: 0
  m_Enabled: 1
  serializedVersion: 2
  m_Size: {x: 1, y: 1, z: 1}
  m_Center: {x: 0, y: 0, z: 0}
--- !u!1001 &6441526442070048645
PrefabInstance:
  m_ObjectHideFlags: 0
  serializedVersion: 2
  m_Modification:
    m_TransformParent: {fileID: 655410670681803392}
    m_Modifications:
    - target: {fileID: 1943570265341650, guid: 045a658b5fcaf1944a040e1cd895f677, type: 3}
      propertyPath: m_Name
      value: wooden_box_1 (1)
      objectReference: {fileID: 0}
    - target: {fileID: 4207257272733908, guid: 045a658b5fcaf1944a040e1cd895f677, type: 3}
      propertyPath: m_RootOrder
      value: 1
      objectReference: {fileID: 0}
    - target: {fileID: 4207257272733908, guid: 045a658b5fcaf1944a040e1cd895f677, type: 3}
      propertyPath: m_LocalScale.x
      value: 0.5
      objectReference: {fileID: 0}
    - target: {fileID: 4207257272733908, guid: 045a658b5fcaf1944a040e1cd895f677, type: 3}
      propertyPath: m_LocalScale.y
      value: 0.5
      objectReference: {fileID: 0}
    - target: {fileID: 4207257272733908, guid: 045a658b5fcaf1944a040e1cd895f677, type: 3}
      propertyPath: m_LocalScale.z
      value: 0.5
      objectReference: {fileID: 0}
    - target: {fileID: 4207257272733908, guid: 045a658b5fcaf1944a040e1cd895f677, type: 3}
      propertyPath: m_LocalPosition.x
      value: 0.5
      objectReference: {fileID: 0}
    - target: {fileID: 4207257272733908, guid: 045a658b5fcaf1944a040e1cd895f677, type: 3}
      propertyPath: m_LocalPosition.y
      value: 0
      objectReference: {fileID: 0}
    - target: {fileID: 4207257272733908, guid: 045a658b5fcaf1944a040e1cd895f677, type: 3}
      propertyPath: m_LocalPosition.z
      value: 0
      objectReference: {fileID: 0}
    - target: {fileID: 4207257272733908, guid: 045a658b5fcaf1944a040e1cd895f677, type: 3}
      propertyPath: m_LocalRotation.w
      value: 1
      objectReference: {fileID: 0}
    - target: {fileID: 4207257272733908, guid: 045a658b5fcaf1944a040e1cd895f677, type: 3}
      propertyPath: m_LocalRotation.x
      value: -0
      objectReference: {fileID: 0}
    - target: {fileID: 4207257272733908, guid: 045a658b5fcaf1944a040e1cd895f677, type: 3}
      propertyPath: m_LocalRotation.y
      value: -0
      objectReference: {fileID: 0}
    - target: {fileID: 4207257272733908, guid: 045a658b5fcaf1944a040e1cd895f677, type: 3}
      propertyPath: m_LocalRotation.z
      value: -0
      objectReference: {fileID: 0}
    - target: {fileID: 4207257272733908, guid: 045a658b5fcaf1944a040e1cd895f677, type: 3}
      propertyPath: m_LocalEulerAnglesHint.x
      value: 0
      objectReference: {fileID: 0}
    - target: {fileID: 4207257272733908, guid: 045a658b5fcaf1944a040e1cd895f677, type: 3}
      propertyPath: m_LocalEulerAnglesHint.y
      value: 0
      objectReference: {fileID: 0}
    - target: {fileID: 4207257272733908, guid: 045a658b5fcaf1944a040e1cd895f677, type: 3}
      propertyPath: m_LocalEulerAnglesHint.z
      value: 0
      objectReference: {fileID: 0}
    - target: {fileID: 205799227297982880, guid: 045a658b5fcaf1944a040e1cd895f677, type: 3}
      propertyPath: m_LODs.Array.data[2].screenRelativeHeight
      value: 0.002
      objectReference: {fileID: 0}
    m_RemovedComponents: []
  m_SourcePrefab: {fileID: 100100000, guid: 045a658b5fcaf1944a040e1cd895f677, type: 3}
--- !u!1 &6440712071353729367 stripped
GameObject:
  m_CorrespondingSourceObject: {fileID: 1943570265341650, guid: 045a658b5fcaf1944a040e1cd895f677, type: 3}
  m_PrefabInstance: {fileID: 6441526442070048645}
  m_PrefabAsset: {fileID: 0}
--- !u!65 &1385051720593459015
BoxCollider:
  m_ObjectHideFlags: 0
  m_CorrespondingSourceObject: {fileID: 0}
  m_PrefabInstance: {fileID: 0}
  m_PrefabAsset: {fileID: 0}
  m_GameObject: {fileID: 6440712071353729367}
  m_Material: {fileID: 0}
  m_IsTrigger: 0
  m_Enabled: 1
  serializedVersion: 2
  m_Size: {x: 1, y: 1, z: 1}
  m_Center: {x: 0, y: 0, z: 0}
--- !u!4 &6442984559157358417 stripped
Transform:
  m_CorrespondingSourceObject: {fileID: 4207257272733908, guid: 045a658b5fcaf1944a040e1cd895f677, type: 3}
  m_PrefabInstance: {fileID: 6441526442070048645}
  m_PrefabAsset: {fileID: 0}
--- !u!1001 &6884319206370002550
PrefabInstance:
  m_ObjectHideFlags: 0
  serializedVersion: 2
  m_Modification:
    m_TransformParent: {fileID: 655410669867262527}
    m_Modifications:
    - target: {fileID: 1890052976583762, guid: 53b9e2e8c2c1ed2439a09c2ab3fb11e4, type: 3}
      propertyPath: m_Name
      value: stone_cube_1 (2)
      objectReference: {fileID: 0}
    - target: {fileID: 4918646994956912, guid: 53b9e2e8c2c1ed2439a09c2ab3fb11e4, type: 3}
      propertyPath: m_RootOrder
      value: 0
      objectReference: {fileID: 0}
    - target: {fileID: 4918646994956912, guid: 53b9e2e8c2c1ed2439a09c2ab3fb11e4, type: 3}
      propertyPath: m_LocalScale.x
      value: 0.5
      objectReference: {fileID: 0}
    - target: {fileID: 4918646994956912, guid: 53b9e2e8c2c1ed2439a09c2ab3fb11e4, type: 3}
      propertyPath: m_LocalScale.y
      value: 0.5
      objectReference: {fileID: 0}
    - target: {fileID: 4918646994956912, guid: 53b9e2e8c2c1ed2439a09c2ab3fb11e4, type: 3}
      propertyPath: m_LocalScale.z
      value: 0.5
      objectReference: {fileID: 0}
    - target: {fileID: 4918646994956912, guid: 53b9e2e8c2c1ed2439a09c2ab3fb11e4, type: 3}
      propertyPath: m_LocalPosition.x
      value: 0
      objectReference: {fileID: 0}
    - target: {fileID: 4918646994956912, guid: 53b9e2e8c2c1ed2439a09c2ab3fb11e4, type: 3}
      propertyPath: m_LocalPosition.y
      value: 0
      objectReference: {fileID: 0}
    - target: {fileID: 4918646994956912, guid: 53b9e2e8c2c1ed2439a09c2ab3fb11e4, type: 3}
      propertyPath: m_LocalPosition.z
      value: -0.5039999
      objectReference: {fileID: 0}
    - target: {fileID: 4918646994956912, guid: 53b9e2e8c2c1ed2439a09c2ab3fb11e4, type: 3}
      propertyPath: m_LocalRotation.w
      value: 0.70710653
      objectReference: {fileID: 0}
    - target: {fileID: 4918646994956912, guid: 53b9e2e8c2c1ed2439a09c2ab3fb11e4, type: 3}
      propertyPath: m_LocalRotation.x
      value: -0
      objectReference: {fileID: 0}
    - target: {fileID: 4918646994956912, guid: 53b9e2e8c2c1ed2439a09c2ab3fb11e4, type: 3}
      propertyPath: m_LocalRotation.y
      value: 0.70710707
      objectReference: {fileID: 0}
    - target: {fileID: 4918646994956912, guid: 53b9e2e8c2c1ed2439a09c2ab3fb11e4, type: 3}
      propertyPath: m_LocalRotation.z
      value: -0
      objectReference: {fileID: 0}
    - target: {fileID: 4918646994956912, guid: 53b9e2e8c2c1ed2439a09c2ab3fb11e4, type: 3}
      propertyPath: m_LocalEulerAnglesHint.x
      value: 0
      objectReference: {fileID: 0}
    - target: {fileID: 4918646994956912, guid: 53b9e2e8c2c1ed2439a09c2ab3fb11e4, type: 3}
      propertyPath: m_LocalEulerAnglesHint.y
      value: 90
      objectReference: {fileID: 0}
    - target: {fileID: 4918646994956912, guid: 53b9e2e8c2c1ed2439a09c2ab3fb11e4, type: 3}
      propertyPath: m_LocalEulerAnglesHint.z
      value: 0
      objectReference: {fileID: 0}
    - target: {fileID: 205896835006792086, guid: 53b9e2e8c2c1ed2439a09c2ab3fb11e4, type: 3}
      propertyPath: m_LODs.Array.data[2].screenRelativeHeight
      value: 0.002
      objectReference: {fileID: 0}
    m_RemovedComponents: []
  m_SourcePrefab: {fileID: 100100000, guid: 53b9e2e8c2c1ed2439a09c2ab3fb11e4, type: 3}
--- !u!1 &6885077120999219748 stripped
GameObject:
  m_CorrespondingSourceObject: {fileID: 1890052976583762, guid: 53b9e2e8c2c1ed2439a09c2ab3fb11e4, type: 3}
  m_PrefabInstance: {fileID: 6884319206370002550}
  m_PrefabAsset: {fileID: 0}
--- !u!65 &4309439789793007950
BoxCollider:
  m_ObjectHideFlags: 0
  m_CorrespondingSourceObject: {fileID: 0}
  m_PrefabInstance: {fileID: 0}
  m_PrefabAsset: {fileID: 0}
  m_GameObject: {fileID: 6885077120999219748}
  m_Material: {fileID: 0}
  m_IsTrigger: 0
  m_Enabled: 1
  serializedVersion: 2
  m_Size: {x: 1, y: 1, z: 1}
  m_Center: {x: 0, y: 0, z: 0}
--- !u!4 &6889234935471518726 stripped
Transform:
  m_CorrespondingSourceObject: {fileID: 4918646994956912, guid: 53b9e2e8c2c1ed2439a09c2ab3fb11e4, type: 3}
  m_PrefabInstance: {fileID: 6884319206370002550}
  m_PrefabAsset: {fileID: 0}
--- !u!1001 &7954786516875776863
PrefabInstance:
  m_ObjectHideFlags: 0
  serializedVersion: 2
  m_Modification:
    m_TransformParent: {fileID: 655410671452507884}
    m_Modifications:
    - target: {fileID: 1885473929928702, guid: 2cd9ea44444ec4462b1bf511ca06afcd, type: 3}
      propertyPath: m_Name
      value: stone_torch (2)
      objectReference: {fileID: 0}
    - target: {fileID: 4134566267977720, guid: 2cd9ea44444ec4462b1bf511ca06afcd, type: 3}
      propertyPath: m_RootOrder
      value: 7
      objectReference: {fileID: 0}
    - target: {fileID: 4134566267977720, guid: 2cd9ea44444ec4462b1bf511ca06afcd, type: 3}
      propertyPath: m_LocalScale.x
      value: 0.5
      objectReference: {fileID: 0}
    - target: {fileID: 4134566267977720, guid: 2cd9ea44444ec4462b1bf511ca06afcd, type: 3}
      propertyPath: m_LocalScale.y
      value: 0.5
      objectReference: {fileID: 0}
    - target: {fileID: 4134566267977720, guid: 2cd9ea44444ec4462b1bf511ca06afcd, type: 3}
      propertyPath: m_LocalScale.z
      value: 0.5
      objectReference: {fileID: 0}
    - target: {fileID: 4134566267977720, guid: 2cd9ea44444ec4462b1bf511ca06afcd, type: 3}
      propertyPath: m_LocalPosition.x
      value: 1
      objectReference: {fileID: 0}
    - target: {fileID: 4134566267977720, guid: 2cd9ea44444ec4462b1bf511ca06afcd, type: 3}
      propertyPath: m_LocalPosition.y
      value: 0.25
      objectReference: {fileID: 0}
    - target: {fileID: 4134566267977720, guid: 2cd9ea44444ec4462b1bf511ca06afcd, type: 3}
      propertyPath: m_LocalPosition.z
      value: 1
      objectReference: {fileID: 0}
    - target: {fileID: 4134566267977720, guid: 2cd9ea44444ec4462b1bf511ca06afcd, type: 3}
      propertyPath: m_LocalRotation.w
      value: 1
      objectReference: {fileID: 0}
    - target: {fileID: 4134566267977720, guid: 2cd9ea44444ec4462b1bf511ca06afcd, type: 3}
      propertyPath: m_LocalRotation.x
      value: -0
      objectReference: {fileID: 0}
    - target: {fileID: 4134566267977720, guid: 2cd9ea44444ec4462b1bf511ca06afcd, type: 3}
      propertyPath: m_LocalRotation.y
      value: -0
      objectReference: {fileID: 0}
    - target: {fileID: 4134566267977720, guid: 2cd9ea44444ec4462b1bf511ca06afcd, type: 3}
      propertyPath: m_LocalRotation.z
      value: -0
      objectReference: {fileID: 0}
    - target: {fileID: 4134566267977720, guid: 2cd9ea44444ec4462b1bf511ca06afcd, type: 3}
      propertyPath: m_LocalEulerAnglesHint.x
      value: 0
      objectReference: {fileID: 0}
    - target: {fileID: 4134566267977720, guid: 2cd9ea44444ec4462b1bf511ca06afcd, type: 3}
      propertyPath: m_LocalEulerAnglesHint.y
      value: 0
      objectReference: {fileID: 0}
    - target: {fileID: 4134566267977720, guid: 2cd9ea44444ec4462b1bf511ca06afcd, type: 3}
      propertyPath: m_LocalEulerAnglesHint.z
      value: 0
      objectReference: {fileID: 0}
    - target: {fileID: 205653645883688904, guid: 2cd9ea44444ec4462b1bf511ca06afcd, type: 3}
      propertyPath: m_LODs.Array.data[2].screenRelativeHeight
      value: 0.002
      objectReference: {fileID: 0}
    m_RemovedComponents:
    - {fileID: 95125762013862258, guid: 2cd9ea44444ec4462b1bf511ca06afcd, type: 3}
  m_SourcePrefab: {fileID: 100100000, guid: 2cd9ea44444ec4462b1bf511ca06afcd, type: 3}
--- !u!1 &7954384868297739425 stripped
GameObject:
  m_CorrespondingSourceObject: {fileID: 1885473929928702, guid: 2cd9ea44444ec4462b1bf511ca06afcd, type: 3}
  m_PrefabInstance: {fileID: 7954786516875776863}
  m_PrefabAsset: {fileID: 0}
--- !u!65 &1533872502497486326
BoxCollider:
  m_ObjectHideFlags: 0
  m_CorrespondingSourceObject: {fileID: 0}
  m_PrefabInstance: {fileID: 0}
  m_PrefabAsset: {fileID: 0}
  m_GameObject: {fileID: 7954384868297739425}
  m_Material: {fileID: 0}
  m_IsTrigger: 0
  m_Enabled: 1
  serializedVersion: 2
  m_Size: {x: 1, y: 1, z: 1}
  m_Center: {x: 0, y: 0, z: 0}
--- !u!4 &7956633956412124327 stripped
Transform:
  m_CorrespondingSourceObject: {fileID: 4134566267977720, guid: 2cd9ea44444ec4462b1bf511ca06afcd, type: 3}
  m_PrefabInstance: {fileID: 7954786516875776863}
  m_PrefabAsset: {fileID: 0}
--- !u!1001 &8544484749093878811
PrefabInstance:
  m_ObjectHideFlags: 0
  serializedVersion: 2
  m_Modification:
    m_TransformParent: {fileID: 655410670681803392}
    m_Modifications:
    - target: {fileID: 1943570265341650, guid: 045a658b5fcaf1944a040e1cd895f677, type: 3}
      propertyPath: m_Name
      value: wooden_box_1
      objectReference: {fileID: 0}
    - target: {fileID: 4207257272733908, guid: 045a658b5fcaf1944a040e1cd895f677, type: 3}
      propertyPath: m_RootOrder
      value: 0
      objectReference: {fileID: 0}
    - target: {fileID: 4207257272733908, guid: 045a658b5fcaf1944a040e1cd895f677, type: 3}
      propertyPath: m_LocalScale.x
      value: 0.5
      objectReference: {fileID: 0}
    - target: {fileID: 4207257272733908, guid: 045a658b5fcaf1944a040e1cd895f677, type: 3}
      propertyPath: m_LocalScale.y
      value: 0.5
      objectReference: {fileID: 0}
    - target: {fileID: 4207257272733908, guid: 045a658b5fcaf1944a040e1cd895f677, type: 3}
      propertyPath: m_LocalScale.z
      value: 0.5
      objectReference: {fileID: 0}
    - target: {fileID: 4207257272733908, guid: 045a658b5fcaf1944a040e1cd895f677, type: 3}
      propertyPath: m_LocalPosition.x
      value: 0
      objectReference: {fileID: 0}
    - target: {fileID: 4207257272733908, guid: 045a658b5fcaf1944a040e1cd895f677, type: 3}
      propertyPath: m_LocalPosition.y
      value: 0
      objectReference: {fileID: 0}
    - target: {fileID: 4207257272733908, guid: 045a658b5fcaf1944a040e1cd895f677, type: 3}
      propertyPath: m_LocalPosition.z
      value: 0
      objectReference: {fileID: 0}
    - target: {fileID: 4207257272733908, guid: 045a658b5fcaf1944a040e1cd895f677, type: 3}
      propertyPath: m_LocalRotation.w
      value: 1
      objectReference: {fileID: 0}
    - target: {fileID: 4207257272733908, guid: 045a658b5fcaf1944a040e1cd895f677, type: 3}
      propertyPath: m_LocalRotation.x
      value: -0
      objectReference: {fileID: 0}
    - target: {fileID: 4207257272733908, guid: 045a658b5fcaf1944a040e1cd895f677, type: 3}
      propertyPath: m_LocalRotation.y
      value: -0
      objectReference: {fileID: 0}
    - target: {fileID: 4207257272733908, guid: 045a658b5fcaf1944a040e1cd895f677, type: 3}
      propertyPath: m_LocalRotation.z
      value: -0
      objectReference: {fileID: 0}
    - target: {fileID: 4207257272733908, guid: 045a658b5fcaf1944a040e1cd895f677, type: 3}
      propertyPath: m_LocalEulerAnglesHint.x
      value: 0
      objectReference: {fileID: 0}
    - target: {fileID: 4207257272733908, guid: 045a658b5fcaf1944a040e1cd895f677, type: 3}
      propertyPath: m_LocalEulerAnglesHint.y
      value: 0
      objectReference: {fileID: 0}
    - target: {fileID: 4207257272733908, guid: 045a658b5fcaf1944a040e1cd895f677, type: 3}
      propertyPath: m_LocalEulerAnglesHint.z
      value: 0
      objectReference: {fileID: 0}
    - target: {fileID: 205799227297982880, guid: 045a658b5fcaf1944a040e1cd895f677, type: 3}
      propertyPath: m_LODs.Array.data[2].screenRelativeHeight
      value: 0.002
      objectReference: {fileID: 0}
    m_RemovedComponents: []
  m_SourcePrefab: {fileID: 100100000, guid: 045a658b5fcaf1944a040e1cd895f677, type: 3}
--- !u!1 &8544168732157100745 stripped
GameObject:
  m_CorrespondingSourceObject: {fileID: 1943570265341650, guid: 045a658b5fcaf1944a040e1cd895f677, type: 3}
  m_PrefabInstance: {fileID: 8544484749093878811}
  m_PrefabAsset: {fileID: 0}
--- !u!65 &2435478556290480038
BoxCollider:
  m_ObjectHideFlags: 0
  m_CorrespondingSourceObject: {fileID: 0}
  m_PrefabInstance: {fileID: 0}
  m_PrefabAsset: {fileID: 0}
  m_GameObject: {fileID: 8544168732157100745}
  m_Material: {fileID: 0}
  m_IsTrigger: 0
  m_Enabled: 1
  serializedVersion: 2
  m_Size: {x: 1, y: 1, z: 1}
  m_Center: {x: 0, y: 0, z: 0}
--- !u!4 &8546400398574087375 stripped
Transform:
  m_CorrespondingSourceObject: {fileID: 4207257272733908, guid: 045a658b5fcaf1944a040e1cd895f677, type: 3}
  m_PrefabInstance: {fileID: 8544484749093878811}
  m_PrefabAsset: {fileID: 0}
--- !u!1001 &8571588392909948224
PrefabInstance:
  m_ObjectHideFlags: 0
  serializedVersion: 2
  m_Modification:
    m_TransformParent: {fileID: 655410669572353288}
    m_Modifications:
    - target: {fileID: 1654105625470868, guid: 5a2a14fa952f0394e808a25703dc77fd, type: 3}
      propertyPath: m_Name
      value: stone_cube_5 (3)
      objectReference: {fileID: 0}
    - target: {fileID: 4913966236157798, guid: 5a2a14fa952f0394e808a25703dc77fd, type: 3}
      propertyPath: m_RootOrder
      value: 2
      objectReference: {fileID: 0}
    - target: {fileID: 4913966236157798, guid: 5a2a14fa952f0394e808a25703dc77fd, type: 3}
      propertyPath: m_LocalScale.x
      value: 0.5
      objectReference: {fileID: 0}
    - target: {fileID: 4913966236157798, guid: 5a2a14fa952f0394e808a25703dc77fd, type: 3}
      propertyPath: m_LocalScale.y
      value: 0.5
      objectReference: {fileID: 0}
    - target: {fileID: 4913966236157798, guid: 5a2a14fa952f0394e808a25703dc77fd, type: 3}
      propertyPath: m_LocalScale.z
      value: 0.5
      objectReference: {fileID: 0}
    - target: {fileID: 4913966236157798, guid: 5a2a14fa952f0394e808a25703dc77fd, type: 3}
      propertyPath: m_LocalPosition.x
      value: 0
      objectReference: {fileID: 0}
    - target: {fileID: 4913966236157798, guid: 5a2a14fa952f0394e808a25703dc77fd, type: 3}
      propertyPath: m_LocalPosition.y
      value: 0
      objectReference: {fileID: 0}
    - target: {fileID: 4913966236157798, guid: 5a2a14fa952f0394e808a25703dc77fd, type: 3}
      propertyPath: m_LocalPosition.z
      value: 0.496
      objectReference: {fileID: 0}
    - target: {fileID: 4913966236157798, guid: 5a2a14fa952f0394e808a25703dc77fd, type: 3}
      propertyPath: m_LocalRotation.w
      value: 0.70710653
      objectReference: {fileID: 0}
    - target: {fileID: 4913966236157798, guid: 5a2a14fa952f0394e808a25703dc77fd, type: 3}
      propertyPath: m_LocalRotation.x
      value: -0
      objectReference: {fileID: 0}
    - target: {fileID: 4913966236157798, guid: 5a2a14fa952f0394e808a25703dc77fd, type: 3}
      propertyPath: m_LocalRotation.y
      value: 0.70710707
      objectReference: {fileID: 0}
    - target: {fileID: 4913966236157798, guid: 5a2a14fa952f0394e808a25703dc77fd, type: 3}
      propertyPath: m_LocalRotation.z
      value: -0
      objectReference: {fileID: 0}
    - target: {fileID: 4913966236157798, guid: 5a2a14fa952f0394e808a25703dc77fd, type: 3}
      propertyPath: m_LocalEulerAnglesHint.x
      value: 0
      objectReference: {fileID: 0}
    - target: {fileID: 4913966236157798, guid: 5a2a14fa952f0394e808a25703dc77fd, type: 3}
      propertyPath: m_LocalEulerAnglesHint.y
      value: 90
      objectReference: {fileID: 0}
    - target: {fileID: 4913966236157798, guid: 5a2a14fa952f0394e808a25703dc77fd, type: 3}
      propertyPath: m_LocalEulerAnglesHint.z
      value: 0
      objectReference: {fileID: 0}
    - target: {fileID: 205093625471653700, guid: 5a2a14fa952f0394e808a25703dc77fd, type: 3}
      propertyPath: m_LODs.Array.data[2].screenRelativeHeight
      value: 0.002
      objectReference: {fileID: 0}
    m_RemovedComponents: []
  m_SourcePrefab: {fileID: 100100000, guid: 5a2a14fa952f0394e808a25703dc77fd, type: 3}
--- !u!4 &8567274770883904038 stripped
Transform:
  m_CorrespondingSourceObject: {fileID: 4913966236157798, guid: 5a2a14fa952f0394e808a25703dc77fd, type: 3}
  m_PrefabInstance: {fileID: 8571588392909948224}
  m_PrefabAsset: {fileID: 0}
--- !u!1 &8570779299088982740 stripped
GameObject:
  m_CorrespondingSourceObject: {fileID: 1654105625470868, guid: 5a2a14fa952f0394e808a25703dc77fd, type: 3}
  m_PrefabInstance: {fileID: 8571588392909948224}
  m_PrefabAsset: {fileID: 0}
--- !u!65 &4120355918164147358
BoxCollider:
  m_ObjectHideFlags: 0
  m_CorrespondingSourceObject: {fileID: 0}
  m_PrefabInstance: {fileID: 0}
  m_PrefabAsset: {fileID: 0}
  m_GameObject: {fileID: 8570779299088982740}
  m_Material: {fileID: 0}
  m_IsTrigger: 0
  m_Enabled: 1
  serializedVersion: 2
  m_Size: {x: 1, y: 1, z: 1}
  m_Center: {x: 0, y: 0, z: 0}
--- !u!1001 &8976705628865195978
PrefabInstance:
  m_ObjectHideFlags: 0
  serializedVersion: 2
  m_Modification:
    m_TransformParent: {fileID: 655410670692749183}
    m_Modifications:
    - target: {fileID: 1890052976583762, guid: 53b9e2e8c2c1ed2439a09c2ab3fb11e4, type: 3}
      propertyPath: m_Name
      value: stone_cube_1
      objectReference: {fileID: 0}
    - target: {fileID: 4918646994956912, guid: 53b9e2e8c2c1ed2439a09c2ab3fb11e4, type: 3}
      propertyPath: m_RootOrder
      value: 0
      objectReference: {fileID: 0}
    - target: {fileID: 4918646994956912, guid: 53b9e2e8c2c1ed2439a09c2ab3fb11e4, type: 3}
      propertyPath: m_LocalScale.x
      value: 0.5
      objectReference: {fileID: 0}
    - target: {fileID: 4918646994956912, guid: 53b9e2e8c2c1ed2439a09c2ab3fb11e4, type: 3}
      propertyPath: m_LocalScale.y
      value: 0.5
      objectReference: {fileID: 0}
    - target: {fileID: 4918646994956912, guid: 53b9e2e8c2c1ed2439a09c2ab3fb11e4, type: 3}
      propertyPath: m_LocalScale.z
      value: 0.5
      objectReference: {fileID: 0}
    - target: {fileID: 4918646994956912, guid: 53b9e2e8c2c1ed2439a09c2ab3fb11e4, type: 3}
      propertyPath: m_LocalPosition.x
      value: 0.5
      objectReference: {fileID: 0}
    - target: {fileID: 4918646994956912, guid: 53b9e2e8c2c1ed2439a09c2ab3fb11e4, type: 3}
      propertyPath: m_LocalPosition.y
      value: 0
      objectReference: {fileID: 0}
    - target: {fileID: 4918646994956912, guid: 53b9e2e8c2c1ed2439a09c2ab3fb11e4, type: 3}
      propertyPath: m_LocalPosition.z
      value: 0
      objectReference: {fileID: 0}
    - target: {fileID: 4918646994956912, guid: 53b9e2e8c2c1ed2439a09c2ab3fb11e4, type: 3}
      propertyPath: m_LocalRotation.w
      value: 1
      objectReference: {fileID: 0}
    - target: {fileID: 4918646994956912, guid: 53b9e2e8c2c1ed2439a09c2ab3fb11e4, type: 3}
      propertyPath: m_LocalRotation.x
      value: -0
      objectReference: {fileID: 0}
    - target: {fileID: 4918646994956912, guid: 53b9e2e8c2c1ed2439a09c2ab3fb11e4, type: 3}
      propertyPath: m_LocalRotation.y
      value: -0
      objectReference: {fileID: 0}
    - target: {fileID: 4918646994956912, guid: 53b9e2e8c2c1ed2439a09c2ab3fb11e4, type: 3}
      propertyPath: m_LocalRotation.z
      value: -0
      objectReference: {fileID: 0}
    - target: {fileID: 4918646994956912, guid: 53b9e2e8c2c1ed2439a09c2ab3fb11e4, type: 3}
      propertyPath: m_LocalEulerAnglesHint.x
      value: 0
      objectReference: {fileID: 0}
    - target: {fileID: 4918646994956912, guid: 53b9e2e8c2c1ed2439a09c2ab3fb11e4, type: 3}
      propertyPath: m_LocalEulerAnglesHint.y
      value: 0
      objectReference: {fileID: 0}
    - target: {fileID: 4918646994956912, guid: 53b9e2e8c2c1ed2439a09c2ab3fb11e4, type: 3}
      propertyPath: m_LocalEulerAnglesHint.z
      value: 0
      objectReference: {fileID: 0}
    - target: {fileID: 205896835006792086, guid: 53b9e2e8c2c1ed2439a09c2ab3fb11e4, type: 3}
      propertyPath: m_LODs.Array.data[2].screenRelativeHeight
      value: 0.002
      objectReference: {fileID: 0}
    m_RemovedComponents: []
  m_SourcePrefab: {fileID: 100100000, guid: 53b9e2e8c2c1ed2439a09c2ab3fb11e4, type: 3}
--- !u!4 &8971965743044926906 stripped
Transform:
  m_CorrespondingSourceObject: {fileID: 4918646994956912, guid: 53b9e2e8c2c1ed2439a09c2ab3fb11e4, type: 3}
  m_PrefabInstance: {fileID: 8976705628865195978}
  m_PrefabAsset: {fileID: 0}
--- !u!1 &8977113091334785944 stripped
GameObject:
  m_CorrespondingSourceObject: {fileID: 1890052976583762, guid: 53b9e2e8c2c1ed2439a09c2ab3fb11e4, type: 3}
  m_PrefabInstance: {fileID: 8976705628865195978}
  m_PrefabAsset: {fileID: 0}
--- !u!65 &3274821883121307537
BoxCollider:
  m_ObjectHideFlags: 0
  m_CorrespondingSourceObject: {fileID: 0}
  m_PrefabInstance: {fileID: 0}
  m_PrefabAsset: {fileID: 0}
  m_GameObject: {fileID: 8977113091334785944}
  m_Material: {fileID: 0}
  m_IsTrigger: 0
  m_Enabled: 1
  serializedVersion: 2
  m_Size: {x: 1, y: 1, z: 1}
  m_Center: {x: 0, y: 0, z: 0}
--- !u!1001 &9145442475784177766
PrefabInstance:
  m_ObjectHideFlags: 0
  serializedVersion: 2
  m_Modification:
    m_TransformParent: {fileID: 655410671452507884}
    m_Modifications:
    - target: {fileID: 1068987669586788, guid: 88d74c745a4fad049b1d3c84ed817ce7, type: 3}
      propertyPath: m_Name
      value: rail_stone_2
      objectReference: {fileID: 0}
    - target: {fileID: 4549598590440446, guid: 88d74c745a4fad049b1d3c84ed817ce7, type: 3}
      propertyPath: m_RootOrder
      value: 5
      objectReference: {fileID: 0}
    - target: {fileID: 4549598590440446, guid: 88d74c745a4fad049b1d3c84ed817ce7, type: 3}
      propertyPath: m_LocalScale.x
      value: 1
      objectReference: {fileID: 0}
    - target: {fileID: 4549598590440446, guid: 88d74c745a4fad049b1d3c84ed817ce7, type: 3}
      propertyPath: m_LocalScale.y
      value: 1
      objectReference: {fileID: 0}
    - target: {fileID: 4549598590440446, guid: 88d74c745a4fad049b1d3c84ed817ce7, type: 3}
      propertyPath: m_LocalScale.z
      value: 1
      objectReference: {fileID: 0}
    - target: {fileID: 4549598590440446, guid: 88d74c745a4fad049b1d3c84ed817ce7, type: 3}
      propertyPath: m_LocalPosition.x
      value: -1
      objectReference: {fileID: 0}
    - target: {fileID: 4549598590440446, guid: 88d74c745a4fad049b1d3c84ed817ce7, type: 3}
      propertyPath: m_LocalPosition.y
      value: 0.002
      objectReference: {fileID: 0}
    - target: {fileID: 4549598590440446, guid: 88d74c745a4fad049b1d3c84ed817ce7, type: 3}
      propertyPath: m_LocalPosition.z
      value: 1
      objectReference: {fileID: 0}
    - target: {fileID: 4549598590440446, guid: 88d74c745a4fad049b1d3c84ed817ce7, type: 3}
      propertyPath: m_LocalRotation.w
      value: 1
      objectReference: {fileID: 0}
    - target: {fileID: 4549598590440446, guid: 88d74c745a4fad049b1d3c84ed817ce7, type: 3}
      propertyPath: m_LocalRotation.x
      value: -0
      objectReference: {fileID: 0}
    - target: {fileID: 4549598590440446, guid: 88d74c745a4fad049b1d3c84ed817ce7, type: 3}
      propertyPath: m_LocalRotation.y
      value: -0
      objectReference: {fileID: 0}
    - target: {fileID: 4549598590440446, guid: 88d74c745a4fad049b1d3c84ed817ce7, type: 3}
      propertyPath: m_LocalRotation.z
      value: -0
      objectReference: {fileID: 0}
    - target: {fileID: 4549598590440446, guid: 88d74c745a4fad049b1d3c84ed817ce7, type: 3}
      propertyPath: m_LocalEulerAnglesHint.x
      value: 0
      objectReference: {fileID: 0}
    - target: {fileID: 4549598590440446, guid: 88d74c745a4fad049b1d3c84ed817ce7, type: 3}
      propertyPath: m_LocalEulerAnglesHint.y
      value: 0
      objectReference: {fileID: 0}
    - target: {fileID: 4549598590440446, guid: 88d74c745a4fad049b1d3c84ed817ce7, type: 3}
      propertyPath: m_LocalEulerAnglesHint.z
      value: 0
      objectReference: {fileID: 0}
    - target: {fileID: 205172051770668144, guid: 88d74c745a4fad049b1d3c84ed817ce7, type: 3}
      propertyPath: m_LODs.Array.data[2].screenRelativeHeight
      value: 0.002
      objectReference: {fileID: 0}
    m_RemovedComponents: []
  m_SourcePrefab: {fileID: 100100000, guid: 88d74c745a4fad049b1d3c84ed817ce7, type: 3}
--- !u!1 &9144822132481600258 stripped
GameObject:
  m_CorrespondingSourceObject: {fileID: 1068987669586788, guid: 88d74c745a4fad049b1d3c84ed817ce7, type: 3}
  m_PrefabInstance: {fileID: 9145442475784177766}
  m_PrefabAsset: {fileID: 0}
--- !u!65 &6611079272223580966
BoxCollider:
  m_ObjectHideFlags: 0
  m_CorrespondingSourceObject: {fileID: 0}
  m_PrefabInstance: {fileID: 0}
  m_PrefabAsset: {fileID: 0}
  m_GameObject: {fileID: 9144822132481600258}
  m_Material: {fileID: 0}
  m_IsTrigger: 0
  m_Enabled: 1
  serializedVersion: 2
  m_Size: {x: 0.5, y: 0.5, z: 0.5}
  m_Center: {x: 0, y: 0.25, z: 0}
--- !u!4 &9149918818246073240 stripped
Transform:
  m_CorrespondingSourceObject: {fileID: 4549598590440446, guid: 88d74c745a4fad049b1d3c84ed817ce7, type: 3}
  m_PrefabInstance: {fileID: 9145442475784177766}
  m_PrefabAsset: {fileID: 0}
