%YAML 1.1
%TAG !u! tag:unity3d.com,2011:
--- !u!1 &655410669572353289
GameObject:
  m_ObjectHideFlags: 0
  m_CorrespondingSourceObject: {fileID: 0}
  m_PrefabInstance: {fileID: 0}
  m_PrefabAsset: {fileID: 0}
  serializedVersion: 6
  m_Component:
  - component: {fileID: 655410669572353288}
  m_Layer: 0
  m_Name: Left
  m_TagString: Untagged
  m_Icon: {fileID: 0}
  m_NavMeshLayer: 0
  m_StaticEditorFlags: 0
  m_IsActive: 1
--- !u!4 &655410669572353288
Transform:
  m_ObjectHideFlags: 0
  m_CorrespondingSourceObject: {fileID: 0}
  m_PrefabInstance: {fileID: 0}
  m_PrefabAsset: {fileID: 0}
  m_GameObject: {fileID: 655410669572353289}
  m_LocalRotation: {x: 0, y: 0, z: 0, w: 1}
  m_LocalPosition: {x: -1, y: 0.25, z: 0}
  m_LocalScale: {x: 1, y: 1, z: 1}
  m_ConstrainProportionsScale: 0
  m_Children:
  - {fileID: 1064262116183389731}
  - {fileID: 8610214975657352295}
  - {fileID: 8705802792466291018}
  m_Father: {fileID: 655410671452507884}
  m_RootOrder: 3
  m_LocalEulerAnglesHint: {x: 0, y: 0, z: 0}
--- !u!1 &655410669867262528
GameObject:
  m_ObjectHideFlags: 0
  m_CorrespondingSourceObject: {fileID: 0}
  m_PrefabInstance: {fileID: 0}
  m_PrefabAsset: {fileID: 0}
  serializedVersion: 6
  m_Component:
  - component: {fileID: 655410669867262527}
  m_Layer: 0
  m_Name: Right
  m_TagString: Untagged
  m_Icon: {fileID: 0}
  m_NavMeshLayer: 0
  m_StaticEditorFlags: 0
  m_IsActive: 1
--- !u!4 &655410669867262527
Transform:
  m_ObjectHideFlags: 0
  m_CorrespondingSourceObject: {fileID: 0}
  m_PrefabInstance: {fileID: 0}
  m_PrefabAsset: {fileID: 0}
  m_GameObject: {fileID: 655410669867262528}
  m_LocalRotation: {x: 0, y: 0, z: 0, w: 1}
  m_LocalPosition: {x: 1, y: 0.25, z: 0}
  m_LocalScale: {x: 1, y: 1, z: 1}
  m_ConstrainProportionsScale: 0
  m_Children:
  - {fileID: 4838248119343632887}
  - {fileID: 3607458709603173705}
  - {fileID: 552731672030990007}
  m_Father: {fileID: 655410671452507884}
  m_RootOrder: 1
  m_LocalEulerAnglesHint: {x: 0, y: 0, z: 0}
--- !u!1 &655410670681803393
GameObject:
  m_ObjectHideFlags: 0
  m_CorrespondingSourceObject: {fileID: 0}
  m_PrefabInstance: {fileID: 0}
  m_PrefabAsset: {fileID: 0}
  serializedVersion: 6
  m_Component:
  - component: {fileID: 655410670681803392}
  m_Layer: 0
  m_Name: Bottom
  m_TagString: Untagged
  m_Icon: {fileID: 0}
  m_NavMeshLayer: 0
  m_StaticEditorFlags: 0
  m_IsActive: 1
--- !u!4 &655410670681803392
Transform:
  m_ObjectHideFlags: 0
  m_CorrespondingSourceObject: {fileID: 0}
  m_PrefabInstance: {fileID: 0}
  m_PrefabAsset: {fileID: 0}
  m_GameObject: {fileID: 655410670681803393}
  m_LocalRotation: {x: 0, y: 0, z: 0, w: 1}
  m_LocalPosition: {x: 0, y: 0.25, z: -1}
  m_LocalScale: {x: 1, y: 1, z: 1}
  m_ConstrainProportionsScale: 0
  m_Children:
  - {fileID: 6923582736730549674}
  - {fileID: 4394192201178399961}
  - {fileID: 2104501816585736785}
  m_Father: {fileID: 655410671452507884}
  m_RootOrder: 2
  m_LocalEulerAnglesHint: {x: 0, y: 0, z: 0}
--- !u!1 &655410670692748928
GameObject:
  m_ObjectHideFlags: 0
  m_CorrespondingSourceObject: {fileID: 0}
  m_PrefabInstance: {fileID: 0}
  m_PrefabAsset: {fileID: 0}
  serializedVersion: 6
  m_Component:
  - component: {fileID: 655410670692749183}
  m_Layer: 0
  m_Name: Top
  m_TagString: Untagged
  m_Icon: {fileID: 0}
  m_NavMeshLayer: 0
  m_StaticEditorFlags: 0
  m_IsActive: 1
--- !u!4 &655410670692749183
Transform:
  m_ObjectHideFlags: 0
  m_CorrespondingSourceObject: {fileID: 0}
  m_PrefabInstance: {fileID: 0}
  m_PrefabAsset: {fileID: 0}
  m_GameObject: {fileID: 655410670692748928}
  m_LocalRotation: {x: 0, y: 0, z: 0, w: 1}
  m_LocalPosition: {x: 0, y: 0.25, z: 1}
  m_LocalScale: {x: 1, y: 1, z: 1}
  m_ConstrainProportionsScale: 0
  m_Children:
  - {fileID: 1517611886014375971}
  - {fileID: 761355373966007177}
  - {fileID: 3798401869037579579}
  m_Father: {fileID: 655410671452507884}
  m_RootOrder: 0
  m_LocalEulerAnglesHint: {x: 0, y: 0, z: 0}
--- !u!1 &655410671452507885
GameObject:
  m_ObjectHideFlags: 0
  m_CorrespondingSourceObject: {fileID: 0}
  m_PrefabInstance: {fileID: 0}
  m_PrefabAsset: {fileID: 0}
  serializedVersion: 6
  m_Component:
  - component: {fileID: 655410671452507884}
  - component: {fileID: 2082622289505321226}
  - component: {fileID: 7414040644322941865}
  m_Layer: 0
  m_Name: Cell2
  m_TagString: Untagged
  m_Icon: {fileID: 0}
  m_NavMeshLayer: 0
  m_StaticEditorFlags: 0
  m_IsActive: 1
--- !u!4 &655410671452507884
Transform:
  m_ObjectHideFlags: 0
  m_CorrespondingSourceObject: {fileID: 0}
  m_PrefabInstance: {fileID: 0}
  m_PrefabAsset: {fileID: 0}
  m_GameObject: {fileID: 655410671452507885}
  m_LocalRotation: {x: 0, y: 0, z: 0, w: 1}
  m_LocalPosition: {x: 0, y: 0, z: 0}
  m_LocalScale: {x: 1, y: 1, z: 1}
  m_ConstrainProportionsScale: 0
  m_Children:
  - {fileID: 655410670692749183}
  - {fileID: 655410669867262527}
  - {fileID: 655410670681803392}
  - {fileID: 655410669572353288}
  - {fileID: 2706679336216184625}
  - {fileID: 570809483623808795}
  - {fileID: 5006097179544150980}
  - {fileID: 8230769369059865086}
  - {fileID: 4604339694912708537}
  m_Father: {fileID: 0}
  m_RootOrder: 0
  m_LocalEulerAnglesHint: {x: 0, y: 0, z: 0}
--- !u!114 &2082622289505321226
MonoBehaviour:
  m_ObjectHideFlags: 0
  m_CorrespondingSourceObject: {fileID: 0}
  m_PrefabInstance: {fileID: 0}
  m_PrefabAsset: {fileID: 0}
  m_GameObject: {fileID: 655410671452507885}
  m_Enabled: 1
  m_EditorHideFlags: 0
  m_Script: {fileID: 11500000, guid: 1855579f86fa9114d90e884ba2677ff2, type: 3}
  m_Name: 
  m_EditorClassIdentifier: 
  Walls:
  - {fileID: 655410670692748928}
  - {fileID: 655410669867262528}
  - {fileID: 655410670681803393}
  - {fileID: 655410669572353289}
--- !u!114 &7414040644322941865
MonoBehaviour:
  m_ObjectHideFlags: 0
  m_CorrespondingSourceObject: {fileID: 0}
  m_PrefabInstance: {fileID: 0}
  m_PrefabAsset: {fileID: 0}
  m_GameObject: {fileID: 655410671452507885}
  m_Enabled: 1
  m_EditorHideFlags: 0
  m_Script: {fileID: 11500000, guid: c841f9615a8dd9546b5d8a8b8ccacf4c, type: 3}
  m_Name: 
  m_EditorClassIdentifier: 
  prefabs:
  - {fileID: 1984244021678525078, guid: bc2343bb593583e4b955ba2f364aa7ac, type: 3}
  - {fileID: 1984244021678525078, guid: 3b68387340115164ba0c25675e6a6420, type: 3}
--- !u!1 &1592345455152076600
GameObject:
  m_ObjectHideFlags: 0
  m_CorrespondingSourceObject: {fileID: 0}
  m_PrefabInstance: {fileID: 0}
  m_PrefabAsset: {fileID: 0}
  serializedVersion: 6
  m_Component:
  - component: {fileID: 2706679336216184625}
  - component: {fileID: 6586054154887443679}
  - component: {fileID: 2363544025829282339}
  - component: {fileID: 4568964579277654509}
  m_Layer: 0
  m_Name: Cube
  m_TagString: Untagged
  m_Icon: {fileID: 0}
  m_NavMeshLayer: 0
  m_StaticEditorFlags: 0
  m_IsActive: 0
--- !u!4 &2706679336216184625
Transform:
  m_ObjectHideFlags: 0
  m_CorrespondingSourceObject: {fileID: 0}
  m_PrefabInstance: {fileID: 0}
  m_PrefabAsset: {fileID: 0}
  m_GameObject: {fileID: 1592345455152076600}
  m_LocalRotation: {x: -0, y: -0, z: -0, w: 1}
  m_LocalPosition: {x: 0, y: 1, z: 0}
  m_LocalScale: {x: 2, y: 2, z: 2}
  m_ConstrainProportionsScale: 0
  m_Children: []
  m_Father: {fileID: 655410671452507884}
  m_RootOrder: 4
  m_LocalEulerAnglesHint: {x: 0, y: 0, z: 0}
--- !u!33 &6586054154887443679
MeshFilter:
  m_ObjectHideFlags: 0
  m_CorrespondingSourceObject: {fileID: 0}
  m_PrefabInstance: {fileID: 0}
  m_PrefabAsset: {fileID: 0}
  m_GameObject: {fileID: 1592345455152076600}
  m_Mesh: {fileID: 10202, guid: 0000000000000000e000000000000000, type: 0}
--- !u!23 &2363544025829282339
MeshRenderer:
  m_ObjectHideFlags: 0
  m_CorrespondingSourceObject: {fileID: 0}
  m_PrefabInstance: {fileID: 0}
  m_PrefabAsset: {fileID: 0}
  m_GameObject: {fileID: 1592345455152076600}
  m_Enabled: 1
  m_CastShadows: 1
  m_ReceiveShadows: 1
  m_DynamicOccludee: 1
  m_StaticShadowCaster: 0
  m_MotionVectors: 1
  m_LightProbeUsage: 1
  m_ReflectionProbeUsage: 1
  m_RayTracingMode: 2
  m_RayTraceProcedural: 0
  m_RenderingLayerMask: 1
  m_RendererPriority: 0
  m_Materials:
  - {fileID: 10303, guid: 0000000000000000f000000000000000, type: 0}
  m_StaticBatchInfo:
    firstSubMesh: 0
    subMeshCount: 0
  m_StaticBatchRoot: {fileID: 0}
  m_ProbeAnchor: {fileID: 0}
  m_LightProbeVolumeOverride: {fileID: 0}
  m_ScaleInLightmap: 1
  m_ReceiveGI: 1
  m_PreserveUVs: 0
  m_IgnoreNormalsForChartDetection: 0
  m_ImportantGI: 0
  m_StitchLightmapSeams: 1
  m_SelectedEditorRenderState: 3
  m_MinimumChartSize: 4
  m_AutoUVMaxDistance: 0.5
  m_AutoUVMaxAngle: 89
  m_LightmapParameters: {fileID: 0}
  m_SortingLayerID: 0
  m_SortingLayer: 0
  m_SortingOrder: 0
  m_AdditionalVertexStreams: {fileID: 0}
--- !u!65 &4568964579277654509
BoxCollider:
  m_ObjectHideFlags: 0
  m_CorrespondingSourceObject: {fileID: 0}
  m_PrefabInstance: {fileID: 0}
  m_PrefabAsset: {fileID: 0}
  m_GameObject: {fileID: 1592345455152076600}
  m_Material: {fileID: 0}
  m_IsTrigger: 0
  m_Enabled: 1
  serializedVersion: 2
  m_Size: {x: 1, y: 1, z: 1}
  m_Center: {x: 0, y: 0, z: 0}
--- !u!1001 &550637141466425331
PrefabInstance:
  m_ObjectHideFlags: 0
  serializedVersion: 2
  m_Modification:
    m_TransformParent: {fileID: 655410669867262527}
    m_Modifications:
    - target: {fileID: 1979290889500462, guid: 98dd8e405a3f26848b63e1b78dfb7c5b, type: 3}
      propertyPath: m_Name
      value: ground_cube_grass (5)
      objectReference: {fileID: 0}
    - target: {fileID: 4489404336695620, guid: 98dd8e405a3f26848b63e1b78dfb7c5b, type: 3}
      propertyPath: m_RootOrder
      value: 2
      objectReference: {fileID: 0}
    - target: {fileID: 4489404336695620, guid: 98dd8e405a3f26848b63e1b78dfb7c5b, type: 3}
      propertyPath: m_LocalScale.x
      value: 0.5
      objectReference: {fileID: 0}
    - target: {fileID: 4489404336695620, guid: 98dd8e405a3f26848b63e1b78dfb7c5b, type: 3}
      propertyPath: m_LocalScale.y
      value: 0.5
      objectReference: {fileID: 0}
    - target: {fileID: 4489404336695620, guid: 98dd8e405a3f26848b63e1b78dfb7c5b, type: 3}
      propertyPath: m_LocalScale.z
      value: 0.5
      objectReference: {fileID: 0}
    - target: {fileID: 4489404336695620, guid: 98dd8e405a3f26848b63e1b78dfb7c5b, type: 3}
      propertyPath: m_LocalPosition.x
      value: 0
      objectReference: {fileID: 0}
    - target: {fileID: 4489404336695620, guid: 98dd8e405a3f26848b63e1b78dfb7c5b, type: 3}
      propertyPath: m_LocalPosition.y
      value: 0
      objectReference: {fileID: 0}
    - target: {fileID: 4489404336695620, guid: 98dd8e405a3f26848b63e1b78dfb7c5b, type: 3}
      propertyPath: m_LocalPosition.z
      value: -0.5
      objectReference: {fileID: 0}
    - target: {fileID: 4489404336695620, guid: 98dd8e405a3f26848b63e1b78dfb7c5b, type: 3}
      propertyPath: m_LocalRotation.w
      value: 1
      objectReference: {fileID: 0}
    - target: {fileID: 4489404336695620, guid: 98dd8e405a3f26848b63e1b78dfb7c5b, type: 3}
      propertyPath: m_LocalRotation.x
      value: -0
      objectReference: {fileID: 0}
    - target: {fileID: 4489404336695620, guid: 98dd8e405a3f26848b63e1b78dfb7c5b, type: 3}
      propertyPath: m_LocalRotation.y
      value: -0
      objectReference: {fileID: 0}
    - target: {fileID: 4489404336695620, guid: 98dd8e405a3f26848b63e1b78dfb7c5b, type: 3}
      propertyPath: m_LocalRotation.z
      value: -0
      objectReference: {fileID: 0}
    - target: {fileID: 4489404336695620, guid: 98dd8e405a3f26848b63e1b78dfb7c5b, type: 3}
      propertyPath: m_LocalEulerAnglesHint.x
      value: 0
      objectReference: {fileID: 0}
    - target: {fileID: 4489404336695620, guid: 98dd8e405a3f26848b63e1b78dfb7c5b, type: 3}
      propertyPath: m_LocalEulerAnglesHint.y
      value: 0
      objectReference: {fileID: 0}
    - target: {fileID: 4489404336695620, guid: 98dd8e405a3f26848b63e1b78dfb7c5b, type: 3}
      propertyPath: m_LocalEulerAnglesHint.z
      value: 0
      objectReference: {fileID: 0}
    m_RemovedComponents: []
  m_SourcePrefab: {fileID: 100100000, guid: 98dd8e405a3f26848b63e1b78dfb7c5b, type: 3}
--- !u!1 &550364632001155293 stripped
GameObject:
  m_CorrespondingSourceObject: {fileID: 1979290889500462, guid: 98dd8e405a3f26848b63e1b78dfb7c5b, type: 3}
  m_PrefabInstance: {fileID: 550637141466425331}
  m_PrefabAsset: {fileID: 0}
--- !u!65 &454745686666052816
BoxCollider:
  m_ObjectHideFlags: 0
  m_CorrespondingSourceObject: {fileID: 0}
  m_PrefabInstance: {fileID: 0}
  m_PrefabAsset: {fileID: 0}
  m_GameObject: {fileID: 550364632001155293}
  m_Material: {fileID: 0}
  m_IsTrigger: 0
  m_Enabled: 1
  serializedVersion: 2
  m_Size: {x: 1, y: 1, z: 1}
  m_Center: {x: 0, y: 0, z: 0}
--- !u!4 &552731672030990007 stripped
Transform:
  m_CorrespondingSourceObject: {fileID: 4489404336695620, guid: 98dd8e405a3f26848b63e1b78dfb7c5b, type: 3}
  m_PrefabInstance: {fileID: 550637141466425331}
  m_PrefabAsset: {fileID: 0}
--- !u!1001 &568804500102071015
PrefabInstance:
  m_ObjectHideFlags: 0
  serializedVersion: 2
  m_Modification:
    m_TransformParent: {fileID: 655410671452507884}
    m_Modifications:
    - target: {fileID: 1385105661527438, guid: 1bee6f5e61fa4ac428abe68da16660d8, type: 3}
      propertyPath: m_Name
      value: stone_cube_6
      objectReference: {fileID: 0}
    - target: {fileID: 4257990427835900, guid: 1bee6f5e61fa4ac428abe68da16660d8, type: 3}
      propertyPath: m_RootOrder
      value: 5
      objectReference: {fileID: 0}
    - target: {fileID: 4257990427835900, guid: 1bee6f5e61fa4ac428abe68da16660d8, type: 3}
      propertyPath: m_LocalScale.x
      value: 0.5
      objectReference: {fileID: 0}
    - target: {fileID: 4257990427835900, guid: 1bee6f5e61fa4ac428abe68da16660d8, type: 3}
      propertyPath: m_LocalScale.y
      value: 0.5
      objectReference: {fileID: 0}
    - target: {fileID: 4257990427835900, guid: 1bee6f5e61fa4ac428abe68da16660d8, type: 3}
      propertyPath: m_LocalScale.z
      value: 0.5
      objectReference: {fileID: 0}
    - target: {fileID: 4257990427835900, guid: 1bee6f5e61fa4ac428abe68da16660d8, type: 3}
      propertyPath: m_LocalPosition.x
      value: -1
      objectReference: {fileID: 0}
    - target: {fileID: 4257990427835900, guid: 1bee6f5e61fa4ac428abe68da16660d8, type: 3}
      propertyPath: m_LocalPosition.y
      value: 0.25
      objectReference: {fileID: 0}
    - target: {fileID: 4257990427835900, guid: 1bee6f5e61fa4ac428abe68da16660d8, type: 3}
      propertyPath: m_LocalPosition.z
      value: 1
      objectReference: {fileID: 0}
    - target: {fileID: 4257990427835900, guid: 1bee6f5e61fa4ac428abe68da16660d8, type: 3}
      propertyPath: m_LocalRotation.w
      value: 1
      objectReference: {fileID: 0}
    - target: {fileID: 4257990427835900, guid: 1bee6f5e61fa4ac428abe68da16660d8, type: 3}
      propertyPath: m_LocalRotation.x
      value: 0
      objectReference: {fileID: 0}
    - target: {fileID: 4257990427835900, guid: 1bee6f5e61fa4ac428abe68da16660d8, type: 3}
      propertyPath: m_LocalRotation.y
      value: -0
      objectReference: {fileID: 0}
    - target: {fileID: 4257990427835900, guid: 1bee6f5e61fa4ac428abe68da16660d8, type: 3}
      propertyPath: m_LocalRotation.z
      value: -0
      objectReference: {fileID: 0}
    - target: {fileID: 4257990427835900, guid: 1bee6f5e61fa4ac428abe68da16660d8, type: 3}
      propertyPath: m_LocalEulerAnglesHint.x
      value: 0
      objectReference: {fileID: 0}
    - target: {fileID: 4257990427835900, guid: 1bee6f5e61fa4ac428abe68da16660d8, type: 3}
      propertyPath: m_LocalEulerAnglesHint.y
      value: 0
      objectReference: {fileID: 0}
    - target: {fileID: 4257990427835900, guid: 1bee6f5e61fa4ac428abe68da16660d8, type: 3}
      propertyPath: m_LocalEulerAnglesHint.z
      value: 0
      objectReference: {fileID: 0}
    m_RemovedComponents: []
  m_SourcePrefab: {fileID: 100100000, guid: 1bee6f5e61fa4ac428abe68da16660d8, type: 3}
--- !u!1 &567496514899068777 stripped
GameObject:
  m_CorrespondingSourceObject: {fileID: 1385105661527438, guid: 1bee6f5e61fa4ac428abe68da16660d8, type: 3}
  m_PrefabInstance: {fileID: 568804500102071015}
  m_PrefabAsset: {fileID: 0}
--- !u!65 &4939504462010035195
BoxCollider:
  m_ObjectHideFlags: 0
  m_CorrespondingSourceObject: {fileID: 0}
  m_PrefabInstance: {fileID: 0}
  m_PrefabAsset: {fileID: 0}
  m_GameObject: {fileID: 567496514899068777}
  m_Material: {fileID: 0}
  m_IsTrigger: 0
  m_Enabled: 1
  serializedVersion: 2
  m_Size: {x: 1, y: 1, z: 1}
  m_Center: {x: 0, y: 0, z: 0}
--- !u!4 &570809483623808795 stripped
Transform:
  m_CorrespondingSourceObject: {fileID: 4257990427835900, guid: 1bee6f5e61fa4ac428abe68da16660d8, type: 3}
  m_PrefabInstance: {fileID: 568804500102071015}
  m_PrefabAsset: {fileID: 0}
--- !u!1001 &765352156154426061
PrefabInstance:
  m_ObjectHideFlags: 0
  serializedVersion: 2
  m_Modification:
    m_TransformParent: {fileID: 655410670692749183}
    m_Modifications:
    - target: {fileID: 1979290889500462, guid: 98dd8e405a3f26848b63e1b78dfb7c5b, type: 3}
      propertyPath: m_Name
      value: ground_cube_grass (4)
      objectReference: {fileID: 0}
    - target: {fileID: 4489404336695620, guid: 98dd8e405a3f26848b63e1b78dfb7c5b, type: 3}
      propertyPath: m_RootOrder
      value: 1
      objectReference: {fileID: 0}
    - target: {fileID: 4489404336695620, guid: 98dd8e405a3f26848b63e1b78dfb7c5b, type: 3}
      propertyPath: m_LocalScale.x
      value: 0.5
      objectReference: {fileID: 0}
    - target: {fileID: 4489404336695620, guid: 98dd8e405a3f26848b63e1b78dfb7c5b, type: 3}
      propertyPath: m_LocalScale.y
      value: 0.5
      objectReference: {fileID: 0}
    - target: {fileID: 4489404336695620, guid: 98dd8e405a3f26848b63e1b78dfb7c5b, type: 3}
      propertyPath: m_LocalScale.z
      value: 0.5
      objectReference: {fileID: 0}
    - target: {fileID: 4489404336695620, guid: 98dd8e405a3f26848b63e1b78dfb7c5b, type: 3}
      propertyPath: m_LocalPosition.x
      value: 0
      objectReference: {fileID: 0}
    - target: {fileID: 4489404336695620, guid: 98dd8e405a3f26848b63e1b78dfb7c5b, type: 3}
      propertyPath: m_LocalPosition.y
      value: 0
      objectReference: {fileID: 0}
    - target: {fileID: 4489404336695620, guid: 98dd8e405a3f26848b63e1b78dfb7c5b, type: 3}
      propertyPath: m_LocalPosition.z
      value: 0
      objectReference: {fileID: 0}
    - target: {fileID: 4489404336695620, guid: 98dd8e405a3f26848b63e1b78dfb7c5b, type: 3}
      propertyPath: m_LocalRotation.w
      value: 1
      objectReference: {fileID: 0}
    - target: {fileID: 4489404336695620, guid: 98dd8e405a3f26848b63e1b78dfb7c5b, type: 3}
      propertyPath: m_LocalRotation.x
      value: -0
      objectReference: {fileID: 0}
    - target: {fileID: 4489404336695620, guid: 98dd8e405a3f26848b63e1b78dfb7c5b, type: 3}
      propertyPath: m_LocalRotation.y
      value: -0
      objectReference: {fileID: 0}
    - target: {fileID: 4489404336695620, guid: 98dd8e405a3f26848b63e1b78dfb7c5b, type: 3}
      propertyPath: m_LocalRotation.z
      value: -0
      objectReference: {fileID: 0}
    - target: {fileID: 4489404336695620, guid: 98dd8e405a3f26848b63e1b78dfb7c5b, type: 3}
      propertyPath: m_LocalEulerAnglesHint.x
      value: 0
      objectReference: {fileID: 0}
    - target: {fileID: 4489404336695620, guid: 98dd8e405a3f26848b63e1b78dfb7c5b, type: 3}
      propertyPath: m_LocalEulerAnglesHint.y
      value: 0
      objectReference: {fileID: 0}
    - target: {fileID: 4489404336695620, guid: 98dd8e405a3f26848b63e1b78dfb7c5b, type: 3}
      propertyPath: m_LocalEulerAnglesHint.z
      value: 0
      objectReference: {fileID: 0}
    m_RemovedComponents: []
  m_SourcePrefab: {fileID: 100100000, guid: 98dd8e405a3f26848b63e1b78dfb7c5b, type: 3}
--- !u!4 &761355373966007177 stripped
Transform:
  m_CorrespondingSourceObject: {fileID: 4489404336695620, guid: 98dd8e405a3f26848b63e1b78dfb7c5b, type: 3}
  m_PrefabInstance: {fileID: 765352156154426061}
  m_PrefabAsset: {fileID: 0}
--- !u!1 &763390496650937827 stripped
GameObject:
  m_CorrespondingSourceObject: {fileID: 1979290889500462, guid: 98dd8e405a3f26848b63e1b78dfb7c5b, type: 3}
  m_PrefabInstance: {fileID: 765352156154426061}
  m_PrefabAsset: {fileID: 0}
--- !u!65 &7108544332511597792
BoxCollider:
  m_ObjectHideFlags: 0
  m_CorrespondingSourceObject: {fileID: 0}
  m_PrefabInstance: {fileID: 0}
  m_PrefabAsset: {fileID: 0}
  m_GameObject: {fileID: 763390496650937827}
  m_Material: {fileID: 0}
  m_IsTrigger: 0
  m_Enabled: 1
  serializedVersion: 2
  m_Size: {x: 1, y: 1, z: 1}
  m_Center: {x: 0, y: 0, z: 0}
--- !u!1001 &1065936766256144231
PrefabInstance:
  m_ObjectHideFlags: 0
  serializedVersion: 2
  m_Modification:
    m_TransformParent: {fileID: 655410669572353288}
    m_Modifications:
    - target: {fileID: 1979290889500462, guid: 98dd8e405a3f26848b63e1b78dfb7c5b, type: 3}
      propertyPath: m_Name
      value: ground_cube_grass (6)
      objectReference: {fileID: 0}
    - target: {fileID: 4489404336695620, guid: 98dd8e405a3f26848b63e1b78dfb7c5b, type: 3}
      propertyPath: m_RootOrder
      value: 0
      objectReference: {fileID: 0}
    - target: {fileID: 4489404336695620, guid: 98dd8e405a3f26848b63e1b78dfb7c5b, type: 3}
      propertyPath: m_LocalScale.x
      value: 0.5
      objectReference: {fileID: 0}
    - target: {fileID: 4489404336695620, guid: 98dd8e405a3f26848b63e1b78dfb7c5b, type: 3}
      propertyPath: m_LocalScale.y
      value: 0.5
      objectReference: {fileID: 0}
    - target: {fileID: 4489404336695620, guid: 98dd8e405a3f26848b63e1b78dfb7c5b, type: 3}
      propertyPath: m_LocalScale.z
      value: 0.5
      objectReference: {fileID: 0}
    - target: {fileID: 4489404336695620, guid: 98dd8e405a3f26848b63e1b78dfb7c5b, type: 3}
      propertyPath: m_LocalPosition.x
      value: 0
      objectReference: {fileID: 0}
    - target: {fileID: 4489404336695620, guid: 98dd8e405a3f26848b63e1b78dfb7c5b, type: 3}
      propertyPath: m_LocalPosition.y
      value: 0
      objectReference: {fileID: 0}
    - target: {fileID: 4489404336695620, guid: 98dd8e405a3f26848b63e1b78dfb7c5b, type: 3}
      propertyPath: m_LocalPosition.z
      value: 0
      objectReference: {fileID: 0}
    - target: {fileID: 4489404336695620, guid: 98dd8e405a3f26848b63e1b78dfb7c5b, type: 3}
      propertyPath: m_LocalRotation.w
      value: 1
      objectReference: {fileID: 0}
    - target: {fileID: 4489404336695620, guid: 98dd8e405a3f26848b63e1b78dfb7c5b, type: 3}
      propertyPath: m_LocalRotation.x
      value: -0
      objectReference: {fileID: 0}
    - target: {fileID: 4489404336695620, guid: 98dd8e405a3f26848b63e1b78dfb7c5b, type: 3}
      propertyPath: m_LocalRotation.y
      value: -0
      objectReference: {fileID: 0}
    - target: {fileID: 4489404336695620, guid: 98dd8e405a3f26848b63e1b78dfb7c5b, type: 3}
      propertyPath: m_LocalRotation.z
      value: -0
      objectReference: {fileID: 0}
    - target: {fileID: 4489404336695620, guid: 98dd8e405a3f26848b63e1b78dfb7c5b, type: 3}
      propertyPath: m_LocalEulerAnglesHint.x
      value: 0
      objectReference: {fileID: 0}
    - target: {fileID: 4489404336695620, guid: 98dd8e405a3f26848b63e1b78dfb7c5b, type: 3}
      propertyPath: m_LocalEulerAnglesHint.y
      value: 0
      objectReference: {fileID: 0}
    - target: {fileID: 4489404336695620, guid: 98dd8e405a3f26848b63e1b78dfb7c5b, type: 3}
      propertyPath: m_LocalEulerAnglesHint.z
      value: 0
      objectReference: {fileID: 0}
    m_RemovedComponents: []
  m_SourcePrefab: {fileID: 100100000, guid: 98dd8e405a3f26848b63e1b78dfb7c5b, type: 3}
--- !u!4 &1064262116183389731 stripped
Transform:
  m_CorrespondingSourceObject: {fileID: 4489404336695620, guid: 98dd8e405a3f26848b63e1b78dfb7c5b, type: 3}
  m_PrefabInstance: {fileID: 1065936766256144231}
  m_PrefabAsset: {fileID: 0}
--- !u!1 &1066790097105053769 stripped
GameObject:
  m_CorrespondingSourceObject: {fileID: 1979290889500462, guid: 98dd8e405a3f26848b63e1b78dfb7c5b, type: 3}
  m_PrefabInstance: {fileID: 1065936766256144231}
  m_PrefabAsset: {fileID: 0}
--- !u!65 &5769429635789214734
BoxCollider:
  m_ObjectHideFlags: 0
  m_CorrespondingSourceObject: {fileID: 0}
  m_PrefabInstance: {fileID: 0}
  m_PrefabAsset: {fileID: 0}
  m_GameObject: {fileID: 1066790097105053769}
  m_Material: {fileID: 0}
  m_IsTrigger: 0
  m_Enabled: 1
  serializedVersion: 2
  m_Size: {x: 1, y: 1, z: 1}
  m_Center: {x: 0, y: 0, z: 0}
--- !u!1001 &1513298461593813351
PrefabInstance:
  m_ObjectHideFlags: 0
  serializedVersion: 2
  m_Modification:
    m_TransformParent: {fileID: 655410670692749183}
    m_Modifications:
    - target: {fileID: 1979290889500462, guid: 98dd8e405a3f26848b63e1b78dfb7c5b, type: 3}
      propertyPath: m_Name
      value: ground_cube_grass (3)
      objectReference: {fileID: 0}
    - target: {fileID: 4489404336695620, guid: 98dd8e405a3f26848b63e1b78dfb7c5b, type: 3}
      propertyPath: m_RootOrder
      value: 0
      objectReference: {fileID: 0}
    - target: {fileID: 4489404336695620, guid: 98dd8e405a3f26848b63e1b78dfb7c5b, type: 3}
      propertyPath: m_LocalScale.x
      value: 0.5
      objectReference: {fileID: 0}
    - target: {fileID: 4489404336695620, guid: 98dd8e405a3f26848b63e1b78dfb7c5b, type: 3}
      propertyPath: m_LocalScale.y
      value: 0.5
      objectReference: {fileID: 0}
    - target: {fileID: 4489404336695620, guid: 98dd8e405a3f26848b63e1b78dfb7c5b, type: 3}
      propertyPath: m_LocalScale.z
      value: 0.5
      objectReference: {fileID: 0}
    - target: {fileID: 4489404336695620, guid: 98dd8e405a3f26848b63e1b78dfb7c5b, type: 3}
      propertyPath: m_LocalPosition.x
      value: -0.5
      objectReference: {fileID: 0}
    - target: {fileID: 4489404336695620, guid: 98dd8e405a3f26848b63e1b78dfb7c5b, type: 3}
      propertyPath: m_LocalPosition.y
      value: 0
      objectReference: {fileID: 0}
    - target: {fileID: 4489404336695620, guid: 98dd8e405a3f26848b63e1b78dfb7c5b, type: 3}
      propertyPath: m_LocalPosition.z
      value: 0
      objectReference: {fileID: 0}
    - target: {fileID: 4489404336695620, guid: 98dd8e405a3f26848b63e1b78dfb7c5b, type: 3}
      propertyPath: m_LocalRotation.w
      value: 1
      objectReference: {fileID: 0}
    - target: {fileID: 4489404336695620, guid: 98dd8e405a3f26848b63e1b78dfb7c5b, type: 3}
      propertyPath: m_LocalRotation.x
      value: -0
      objectReference: {fileID: 0}
    - target: {fileID: 4489404336695620, guid: 98dd8e405a3f26848b63e1b78dfb7c5b, type: 3}
      propertyPath: m_LocalRotation.y
      value: -0
      objectReference: {fileID: 0}
    - target: {fileID: 4489404336695620, guid: 98dd8e405a3f26848b63e1b78dfb7c5b, type: 3}
      propertyPath: m_LocalRotation.z
      value: -0
      objectReference: {fileID: 0}
    - target: {fileID: 4489404336695620, guid: 98dd8e405a3f26848b63e1b78dfb7c5b, type: 3}
      propertyPath: m_LocalEulerAnglesHint.x
      value: 0
      objectReference: {fileID: 0}
    - target: {fileID: 4489404336695620, guid: 98dd8e405a3f26848b63e1b78dfb7c5b, type: 3}
      propertyPath: m_LocalEulerAnglesHint.y
      value: 0
      objectReference: {fileID: 0}
    - target: {fileID: 4489404336695620, guid: 98dd8e405a3f26848b63e1b78dfb7c5b, type: 3}
      propertyPath: m_LocalEulerAnglesHint.z
      value: 0
      objectReference: {fileID: 0}
    m_RemovedComponents: []
  m_SourcePrefab: {fileID: 100100000, guid: 98dd8e405a3f26848b63e1b78dfb7c5b, type: 3}
--- !u!1 &1515277421154268745 stripped
GameObject:
  m_CorrespondingSourceObject: {fileID: 1979290889500462, guid: 98dd8e405a3f26848b63e1b78dfb7c5b, type: 3}
  m_PrefabInstance: {fileID: 1513298461593813351}
  m_PrefabAsset: {fileID: 0}
--- !u!65 &8899476964378105623
BoxCollider:
  m_ObjectHideFlags: 0
  m_CorrespondingSourceObject: {fileID: 0}
  m_PrefabInstance: {fileID: 0}
  m_PrefabAsset: {fileID: 0}
  m_GameObject: {fileID: 1515277421154268745}
  m_Material: {fileID: 0}
  m_IsTrigger: 0
  m_Enabled: 1
  serializedVersion: 2
  m_Size: {x: 1, y: 1, z: 1}
  m_Center: {x: 0, y: 0, z: 0}
--- !u!4 &1517611886014375971 stripped
Transform:
  m_CorrespondingSourceObject: {fileID: 4489404336695620, guid: 98dd8e405a3f26848b63e1b78dfb7c5b, type: 3}
  m_PrefabInstance: {fileID: 1513298461593813351}
  m_PrefabAsset: {fileID: 0}
--- !u!1001 &2106350189479213845
PrefabInstance:
  m_ObjectHideFlags: 0
  serializedVersion: 2
  m_Modification:
    m_TransformParent: {fileID: 655410670681803392}
    m_Modifications:
    - target: {fileID: 1979290889500462, guid: 98dd8e405a3f26848b63e1b78dfb7c5b, type: 3}
      propertyPath: m_Name
      value: ground_cube_grass (2)
      objectReference: {fileID: 0}
    - target: {fileID: 4489404336695620, guid: 98dd8e405a3f26848b63e1b78dfb7c5b, type: 3}
      propertyPath: m_RootOrder
      value: 2
      objectReference: {fileID: 0}
    - target: {fileID: 4489404336695620, guid: 98dd8e405a3f26848b63e1b78dfb7c5b, type: 3}
      propertyPath: m_LocalScale.x
      value: 0.5
      objectReference: {fileID: 0}
    - target: {fileID: 4489404336695620, guid: 98dd8e405a3f26848b63e1b78dfb7c5b, type: 3}
      propertyPath: m_LocalScale.y
      value: 0.5
      objectReference: {fileID: 0}
    - target: {fileID: 4489404336695620, guid: 98dd8e405a3f26848b63e1b78dfb7c5b, type: 3}
      propertyPath: m_LocalScale.z
      value: 0.5
      objectReference: {fileID: 0}
    - target: {fileID: 4489404336695620, guid: 98dd8e405a3f26848b63e1b78dfb7c5b, type: 3}
      propertyPath: m_LocalPosition.x
      value: 0.5
      objectReference: {fileID: 0}
    - target: {fileID: 4489404336695620, guid: 98dd8e405a3f26848b63e1b78dfb7c5b, type: 3}
      propertyPath: m_LocalPosition.y
      value: 0
      objectReference: {fileID: 0}
    - target: {fileID: 4489404336695620, guid: 98dd8e405a3f26848b63e1b78dfb7c5b, type: 3}
      propertyPath: m_LocalPosition.z
      value: 0
      objectReference: {fileID: 0}
    - target: {fileID: 4489404336695620, guid: 98dd8e405a3f26848b63e1b78dfb7c5b, type: 3}
      propertyPath: m_LocalRotation.w
      value: 0.9999984
      objectReference: {fileID: 0}
    - target: {fileID: 4489404336695620, guid: 98dd8e405a3f26848b63e1b78dfb7c5b, type: 3}
      propertyPath: m_LocalRotation.x
      value: 0.00014016585
      objectReference: {fileID: 0}
    - target: {fileID: 4489404336695620, guid: 98dd8e405a3f26848b63e1b78dfb7c5b, type: 3}
      propertyPath: m_LocalRotation.y
      value: -0.0015938139
      objectReference: {fileID: 0}
    - target: {fileID: 4489404336695620, guid: 98dd8e405a3f26848b63e1b78dfb7c5b, type: 3}
      propertyPath: m_LocalRotation.z
      value: 0.0008116748
      objectReference: {fileID: 0}
    - target: {fileID: 4489404336695620, guid: 98dd8e405a3f26848b63e1b78dfb7c5b, type: 3}
      propertyPath: m_LocalEulerAnglesHint.x
      value: 0.016
      objectReference: {fileID: 0}
    - target: {fileID: 4489404336695620, guid: 98dd8e405a3f26848b63e1b78dfb7c5b, type: 3}
      propertyPath: m_LocalEulerAnglesHint.y
      value: -0.183
      objectReference: {fileID: 0}
    - target: {fileID: 4489404336695620, guid: 98dd8e405a3f26848b63e1b78dfb7c5b, type: 3}
      propertyPath: m_LocalEulerAnglesHint.z
      value: 0.093
      objectReference: {fileID: 0}
    m_RemovedComponents: []
  m_SourcePrefab: {fileID: 100100000, guid: 98dd8e405a3f26848b63e1b78dfb7c5b, type: 3}
--- !u!4 &2104501816585736785 stripped
Transform:
  m_CorrespondingSourceObject: {fileID: 4489404336695620, guid: 98dd8e405a3f26848b63e1b78dfb7c5b, type: 3}
  m_PrefabInstance: {fileID: 2106350189479213845}
  m_PrefabAsset: {fileID: 0}
--- !u!1 &2106640578956233787 stripped
GameObject:
  m_CorrespondingSourceObject: {fileID: 1979290889500462, guid: 98dd8e405a3f26848b63e1b78dfb7c5b, type: 3}
  m_PrefabInstance: {fileID: 2106350189479213845}
  m_PrefabAsset: {fileID: 0}
--- !u!65 &3738348798191712292
BoxCollider:
  m_ObjectHideFlags: 0
  m_CorrespondingSourceObject: {fileID: 0}
  m_PrefabInstance: {fileID: 0}
  m_PrefabAsset: {fileID: 0}
  m_GameObject: {fileID: 2106640578956233787}
  m_Material: {fileID: 0}
  m_IsTrigger: 0
  m_Enabled: 1
  serializedVersion: 2
  m_Size: {x: 1, y: 1, z: 1}
  m_Center: {x: 0, y: 0, z: 0}
--- !u!1001 &3611807202286021645
PrefabInstance:
  m_ObjectHideFlags: 0
  serializedVersion: 2
  m_Modification:
    m_TransformParent: {fileID: 655410669867262527}
    m_Modifications:
    - target: {fileID: 1979290889500462, guid: 98dd8e405a3f26848b63e1b78dfb7c5b, type: 3}
      propertyPath: m_Name
      value: ground_cube_grass (4)
      objectReference: {fileID: 0}
    - target: {fileID: 4489404336695620, guid: 98dd8e405a3f26848b63e1b78dfb7c5b, type: 3}
      propertyPath: m_RootOrder
      value: 1
      objectReference: {fileID: 0}
    - target: {fileID: 4489404336695620, guid: 98dd8e405a3f26848b63e1b78dfb7c5b, type: 3}
      propertyPath: m_LocalScale.x
      value: 0.5
      objectReference: {fileID: 0}
    - target: {fileID: 4489404336695620, guid: 98dd8e405a3f26848b63e1b78dfb7c5b, type: 3}
      propertyPath: m_LocalScale.y
      value: 0.5
      objectReference: {fileID: 0}
    - target: {fileID: 4489404336695620, guid: 98dd8e405a3f26848b63e1b78dfb7c5b, type: 3}
      propertyPath: m_LocalScale.z
      value: 0.5
      objectReference: {fileID: 0}
    - target: {fileID: 4489404336695620, guid: 98dd8e405a3f26848b63e1b78dfb7c5b, type: 3}
      propertyPath: m_LocalPosition.x
      value: 0
      objectReference: {fileID: 0}
    - target: {fileID: 4489404336695620, guid: 98dd8e405a3f26848b63e1b78dfb7c5b, type: 3}
      propertyPath: m_LocalPosition.y
      value: 0
      objectReference: {fileID: 0}
    - target: {fileID: 4489404336695620, guid: 98dd8e405a3f26848b63e1b78dfb7c5b, type: 3}
      propertyPath: m_LocalPosition.z
      value: 0.5
      objectReference: {fileID: 0}
    - target: {fileID: 4489404336695620, guid: 98dd8e405a3f26848b63e1b78dfb7c5b, type: 3}
      propertyPath: m_LocalRotation.w
      value: 1
      objectReference: {fileID: 0}
    - target: {fileID: 4489404336695620, guid: 98dd8e405a3f26848b63e1b78dfb7c5b, type: 3}
      propertyPath: m_LocalRotation.x
      value: -0
      objectReference: {fileID: 0}
    - target: {fileID: 4489404336695620, guid: 98dd8e405a3f26848b63e1b78dfb7c5b, type: 3}
      propertyPath: m_LocalRotation.y
      value: -0
      objectReference: {fileID: 0}
    - target: {fileID: 4489404336695620, guid: 98dd8e405a3f26848b63e1b78dfb7c5b, type: 3}
      propertyPath: m_LocalRotation.z
      value: -0
      objectReference: {fileID: 0}
    - target: {fileID: 4489404336695620, guid: 98dd8e405a3f26848b63e1b78dfb7c5b, type: 3}
      propertyPath: m_LocalEulerAnglesHint.x
      value: 0
      objectReference: {fileID: 0}
    - target: {fileID: 4489404336695620, guid: 98dd8e405a3f26848b63e1b78dfb7c5b, type: 3}
      propertyPath: m_LocalEulerAnglesHint.y
      value: 0
      objectReference: {fileID: 0}
    - target: {fileID: 4489404336695620, guid: 98dd8e405a3f26848b63e1b78dfb7c5b, type: 3}
      propertyPath: m_LocalEulerAnglesHint.z
      value: 0
      objectReference: {fileID: 0}
    m_RemovedComponents: []
  m_SourcePrefab: {fileID: 100100000, guid: 98dd8e405a3f26848b63e1b78dfb7c5b, type: 3}
--- !u!4 &3607458709603173705 stripped
Transform:
  m_CorrespondingSourceObject: {fileID: 4489404336695620, guid: 98dd8e405a3f26848b63e1b78dfb7c5b, type: 3}
  m_PrefabInstance: {fileID: 3611807202286021645}
  m_PrefabAsset: {fileID: 0}
--- !u!1 &3609845813424200483 stripped
GameObject:
  m_CorrespondingSourceObject: {fileID: 1979290889500462, guid: 98dd8e405a3f26848b63e1b78dfb7c5b, type: 3}
  m_PrefabInstance: {fileID: 3611807202286021645}
  m_PrefabAsset: {fileID: 0}
--- !u!65 &882097388234849763
BoxCollider:
  m_ObjectHideFlags: 0
  m_CorrespondingSourceObject: {fileID: 0}
  m_PrefabInstance: {fileID: 0}
  m_PrefabAsset: {fileID: 0}
  m_GameObject: {fileID: 3609845813424200483}
  m_Material: {fileID: 0}
  m_IsTrigger: 0
  m_Enabled: 1
  serializedVersion: 2
  m_Size: {x: 1, y: 1, z: 1}
  m_Center: {x: 0, y: 0, z: 0}
--- !u!1001 &3799157331679757439
PrefabInstance:
  m_ObjectHideFlags: 0
  serializedVersion: 2
  m_Modification:
    m_TransformParent: {fileID: 655410670692749183}
    m_Modifications:
    - target: {fileID: 1979290889500462, guid: 98dd8e405a3f26848b63e1b78dfb7c5b, type: 3}
      propertyPath: m_Name
      value: ground_cube_grass (5)
      objectReference: {fileID: 0}
    - target: {fileID: 4489404336695620, guid: 98dd8e405a3f26848b63e1b78dfb7c5b, type: 3}
      propertyPath: m_RootOrder
      value: 2
      objectReference: {fileID: 0}
    - target: {fileID: 4489404336695620, guid: 98dd8e405a3f26848b63e1b78dfb7c5b, type: 3}
      propertyPath: m_LocalScale.x
      value: 0.5
      objectReference: {fileID: 0}
    - target: {fileID: 4489404336695620, guid: 98dd8e405a3f26848b63e1b78dfb7c5b, type: 3}
      propertyPath: m_LocalScale.y
      value: 0.5
      objectReference: {fileID: 0}
    - target: {fileID: 4489404336695620, guid: 98dd8e405a3f26848b63e1b78dfb7c5b, type: 3}
      propertyPath: m_LocalScale.z
      value: 0.5
      objectReference: {fileID: 0}
    - target: {fileID: 4489404336695620, guid: 98dd8e405a3f26848b63e1b78dfb7c5b, type: 3}
      propertyPath: m_LocalPosition.x
      value: 0.5
      objectReference: {fileID: 0}
    - target: {fileID: 4489404336695620, guid: 98dd8e405a3f26848b63e1b78dfb7c5b, type: 3}
      propertyPath: m_LocalPosition.y
      value: 0
      objectReference: {fileID: 0}
    - target: {fileID: 4489404336695620, guid: 98dd8e405a3f26848b63e1b78dfb7c5b, type: 3}
      propertyPath: m_LocalPosition.z
      value: 0
      objectReference: {fileID: 0}
    - target: {fileID: 4489404336695620, guid: 98dd8e405a3f26848b63e1b78dfb7c5b, type: 3}
      propertyPath: m_LocalRotation.w
      value: 0.9999984
      objectReference: {fileID: 0}
    - target: {fileID: 4489404336695620, guid: 98dd8e405a3f26848b63e1b78dfb7c5b, type: 3}
      propertyPath: m_LocalRotation.x
      value: 0.00014016585
      objectReference: {fileID: 0}
    - target: {fileID: 4489404336695620, guid: 98dd8e405a3f26848b63e1b78dfb7c5b, type: 3}
      propertyPath: m_LocalRotation.y
      value: -0.0015938139
      objectReference: {fileID: 0}
    - target: {fileID: 4489404336695620, guid: 98dd8e405a3f26848b63e1b78dfb7c5b, type: 3}
      propertyPath: m_LocalRotation.z
      value: 0.0008116748
      objectReference: {fileID: 0}
    - target: {fileID: 4489404336695620, guid: 98dd8e405a3f26848b63e1b78dfb7c5b, type: 3}
      propertyPath: m_LocalEulerAnglesHint.x
      value: 0.016
      objectReference: {fileID: 0}
    - target: {fileID: 4489404336695620, guid: 98dd8e405a3f26848b63e1b78dfb7c5b, type: 3}
      propertyPath: m_LocalEulerAnglesHint.y
      value: -0.183
      objectReference: {fileID: 0}
    - target: {fileID: 4489404336695620, guid: 98dd8e405a3f26848b63e1b78dfb7c5b, type: 3}
      propertyPath: m_LocalEulerAnglesHint.z
      value: 0.093
      objectReference: {fileID: 0}
    m_RemovedComponents: []
  m_SourcePrefab: {fileID: 100100000, guid: 98dd8e405a3f26848b63e1b78dfb7c5b, type: 3}
--- !u!4 &3798401869037579579 stripped
Transform:
  m_CorrespondingSourceObject: {fileID: 4489404336695620, guid: 98dd8e405a3f26848b63e1b78dfb7c5b, type: 3}
  m_PrefabInstance: {fileID: 3799157331679757439}
  m_PrefabAsset: {fileID: 0}
--- !u!1 &3800573341903352657 stripped
GameObject:
  m_CorrespondingSourceObject: {fileID: 1979290889500462, guid: 98dd8e405a3f26848b63e1b78dfb7c5b, type: 3}
  m_PrefabInstance: {fileID: 3799157331679757439}
  m_PrefabAsset: {fileID: 0}
--- !u!65 &1175971156991680891
BoxCollider:
  m_ObjectHideFlags: 0
  m_CorrespondingSourceObject: {fileID: 0}
  m_PrefabInstance: {fileID: 0}
  m_PrefabAsset: {fileID: 0}
  m_GameObject: {fileID: 3800573341903352657}
  m_Material: {fileID: 0}
  m_IsTrigger: 0
  m_Enabled: 1
  serializedVersion: 2
  m_Size: {x: 1, y: 1, z: 1}
  m_Center: {x: 0, y: 0, z: 0}
--- !u!1001 &4392343964590157213
PrefabInstance:
  m_ObjectHideFlags: 0
  serializedVersion: 2
  m_Modification:
    m_TransformParent: {fileID: 655410670681803392}
    m_Modifications:
    - target: {fileID: 1979290889500462, guid: 98dd8e405a3f26848b63e1b78dfb7c5b, type: 3}
      propertyPath: m_Name
      value: ground_cube_grass (1)
      objectReference: {fileID: 0}
    - target: {fileID: 4489404336695620, guid: 98dd8e405a3f26848b63e1b78dfb7c5b, type: 3}
      propertyPath: m_RootOrder
      value: 1
      objectReference: {fileID: 0}
    - target: {fileID: 4489404336695620, guid: 98dd8e405a3f26848b63e1b78dfb7c5b, type: 3}
      propertyPath: m_LocalScale.x
      value: 0.5
      objectReference: {fileID: 0}
    - target: {fileID: 4489404336695620, guid: 98dd8e405a3f26848b63e1b78dfb7c5b, type: 3}
      propertyPath: m_LocalScale.y
      value: 0.5
      objectReference: {fileID: 0}
    - target: {fileID: 4489404336695620, guid: 98dd8e405a3f26848b63e1b78dfb7c5b, type: 3}
      propertyPath: m_LocalScale.z
      value: 0.5
      objectReference: {fileID: 0}
    - target: {fileID: 4489404336695620, guid: 98dd8e405a3f26848b63e1b78dfb7c5b, type: 3}
      propertyPath: m_LocalPosition.x
      value: 0
      objectReference: {fileID: 0}
    - target: {fileID: 4489404336695620, guid: 98dd8e405a3f26848b63e1b78dfb7c5b, type: 3}
      propertyPath: m_LocalPosition.y
      value: 0
      objectReference: {fileID: 0}
    - target: {fileID: 4489404336695620, guid: 98dd8e405a3f26848b63e1b78dfb7c5b, type: 3}
      propertyPath: m_LocalPosition.z
      value: 0
      objectReference: {fileID: 0}
    - target: {fileID: 4489404336695620, guid: 98dd8e405a3f26848b63e1b78dfb7c5b, type: 3}
      propertyPath: m_LocalRotation.w
      value: 1
      objectReference: {fileID: 0}
    - target: {fileID: 4489404336695620, guid: 98dd8e405a3f26848b63e1b78dfb7c5b, type: 3}
      propertyPath: m_LocalRotation.x
      value: -0
      objectReference: {fileID: 0}
    - target: {fileID: 4489404336695620, guid: 98dd8e405a3f26848b63e1b78dfb7c5b, type: 3}
      propertyPath: m_LocalRotation.y
      value: -0
      objectReference: {fileID: 0}
    - target: {fileID: 4489404336695620, guid: 98dd8e405a3f26848b63e1b78dfb7c5b, type: 3}
      propertyPath: m_LocalRotation.z
      value: -0
      objectReference: {fileID: 0}
    - target: {fileID: 4489404336695620, guid: 98dd8e405a3f26848b63e1b78dfb7c5b, type: 3}
      propertyPath: m_LocalEulerAnglesHint.x
      value: 0
      objectReference: {fileID: 0}
    - target: {fileID: 4489404336695620, guid: 98dd8e405a3f26848b63e1b78dfb7c5b, type: 3}
      propertyPath: m_LocalEulerAnglesHint.y
      value: 0
      objectReference: {fileID: 0}
    - target: {fileID: 4489404336695620, guid: 98dd8e405a3f26848b63e1b78dfb7c5b, type: 3}
      propertyPath: m_LocalEulerAnglesHint.z
      value: 0
      objectReference: {fileID: 0}
    m_RemovedComponents: []
  m_SourcePrefab: {fileID: 100100000, guid: 98dd8e405a3f26848b63e1b78dfb7c5b, type: 3}
--- !u!1 &4392053863475714739 stripped
GameObject:
  m_CorrespondingSourceObject: {fileID: 1979290889500462, guid: 98dd8e405a3f26848b63e1b78dfb7c5b, type: 3}
  m_PrefabInstance: {fileID: 4392343964590157213}
  m_PrefabAsset: {fileID: 0}
--- !u!65 &1343207123068745923
BoxCollider:
  m_ObjectHideFlags: 0
  m_CorrespondingSourceObject: {fileID: 0}
  m_PrefabInstance: {fileID: 0}
  m_PrefabAsset: {fileID: 0}
  m_GameObject: {fileID: 4392053863475714739}
  m_Material: {fileID: 0}
  m_IsTrigger: 0
  m_Enabled: 1
  serializedVersion: 2
  m_Size: {x: 1, y: 1, z: 1}
  m_Center: {x: 0, y: 0, z: 0}
--- !u!4 &4394192201178399961 stripped
Transform:
  m_CorrespondingSourceObject: {fileID: 4489404336695620, guid: 98dd8e405a3f26848b63e1b78dfb7c5b, type: 3}
  m_PrefabInstance: {fileID: 4392343964590157213}
  m_PrefabAsset: {fileID: 0}
--- !u!1001 &4605711342612570693
PrefabInstance:
  m_ObjectHideFlags: 0
  serializedVersion: 2
  m_Modification:
    m_TransformParent: {fileID: 655410671452507884}
    m_Modifications:
    - target: {fileID: 1385105661527438, guid: 1bee6f5e61fa4ac428abe68da16660d8, type: 3}
      propertyPath: m_Name
      value: stone_cube_6 (3)
      objectReference: {fileID: 0}
    - target: {fileID: 4257990427835900, guid: 1bee6f5e61fa4ac428abe68da16660d8, type: 3}
      propertyPath: m_RootOrder
      value: 8
      objectReference: {fileID: 0}
    - target: {fileID: 4257990427835900, guid: 1bee6f5e61fa4ac428abe68da16660d8, type: 3}
      propertyPath: m_LocalScale.x
      value: 0.5
      objectReference: {fileID: 0}
    - target: {fileID: 4257990427835900, guid: 1bee6f5e61fa4ac428abe68da16660d8, type: 3}
      propertyPath: m_LocalScale.y
      value: 0.5
      objectReference: {fileID: 0}
    - target: {fileID: 4257990427835900, guid: 1bee6f5e61fa4ac428abe68da16660d8, type: 3}
      propertyPath: m_LocalScale.z
      value: 0.5
      objectReference: {fileID: 0}
    - target: {fileID: 4257990427835900, guid: 1bee6f5e61fa4ac428abe68da16660d8, type: 3}
      propertyPath: m_LocalPosition.x
      value: 1
      objectReference: {fileID: 0}
    - target: {fileID: 4257990427835900, guid: 1bee6f5e61fa4ac428abe68da16660d8, type: 3}
      propertyPath: m_LocalPosition.y
      value: 0.25
      objectReference: {fileID: 0}
    - target: {fileID: 4257990427835900, guid: 1bee6f5e61fa4ac428abe68da16660d8, type: 3}
      propertyPath: m_LocalPosition.z
      value: -1
      objectReference: {fileID: 0}
    - target: {fileID: 4257990427835900, guid: 1bee6f5e61fa4ac428abe68da16660d8, type: 3}
      propertyPath: m_LocalRotation.w
      value: 1
      objectReference: {fileID: 0}
    - target: {fileID: 4257990427835900, guid: 1bee6f5e61fa4ac428abe68da16660d8, type: 3}
      propertyPath: m_LocalRotation.x
      value: 0
      objectReference: {fileID: 0}
    - target: {fileID: 4257990427835900, guid: 1bee6f5e61fa4ac428abe68da16660d8, type: 3}
      propertyPath: m_LocalRotation.y
      value: -0
      objectReference: {fileID: 0}
    - target: {fileID: 4257990427835900, guid: 1bee6f5e61fa4ac428abe68da16660d8, type: 3}
      propertyPath: m_LocalRotation.z
      value: -0
      objectReference: {fileID: 0}
    - target: {fileID: 4257990427835900, guid: 1bee6f5e61fa4ac428abe68da16660d8, type: 3}
      propertyPath: m_LocalEulerAnglesHint.x
      value: 0
      objectReference: {fileID: 0}
    - target: {fileID: 4257990427835900, guid: 1bee6f5e61fa4ac428abe68da16660d8, type: 3}
      propertyPath: m_LocalEulerAnglesHint.y
      value: 0
      objectReference: {fileID: 0}
    - target: {fileID: 4257990427835900, guid: 1bee6f5e61fa4ac428abe68da16660d8, type: 3}
      propertyPath: m_LocalEulerAnglesHint.z
      value: 0
      objectReference: {fileID: 0}
    m_RemovedComponents: []
  m_SourcePrefab: {fileID: 100100000, guid: 1bee6f5e61fa4ac428abe68da16660d8, type: 3}
--- !u!4 &4604339694912708537 stripped
Transform:
  m_CorrespondingSourceObject: {fileID: 4257990427835900, guid: 1bee6f5e61fa4ac428abe68da16660d8, type: 3}
  m_PrefabInstance: {fileID: 4605711342612570693}
  m_PrefabAsset: {fileID: 0}
--- !u!1 &4606669700242761675 stripped
GameObject:
  m_CorrespondingSourceObject: {fileID: 1385105661527438, guid: 1bee6f5e61fa4ac428abe68da16660d8, type: 3}
  m_PrefabInstance: {fileID: 4605711342612570693}
  m_PrefabAsset: {fileID: 0}
--- !u!65 &1500141963881823484
BoxCollider:
  m_ObjectHideFlags: 0
  m_CorrespondingSourceObject: {fileID: 0}
  m_PrefabInstance: {fileID: 0}
  m_PrefabAsset: {fileID: 0}
  m_GameObject: {fileID: 4606669700242761675}
  m_Material: {fileID: 0}
  m_IsTrigger: 0
  m_Enabled: 1
  serializedVersion: 2
  m_Size: {x: 1, y: 1, z: 1}
  m_Center: {x: 0, y: 0, z: 0}
--- !u!1001 &4839990885629311155
PrefabInstance:
  m_ObjectHideFlags: 0
  serializedVersion: 2
  m_Modification:
    m_TransformParent: {fileID: 655410669867262527}
    m_Modifications:
    - target: {fileID: 1979290889500462, guid: 98dd8e405a3f26848b63e1b78dfb7c5b, type: 3}
      propertyPath: m_Name
      value: ground_cube_grass (3)
      objectReference: {fileID: 0}
    - target: {fileID: 4489404336695620, guid: 98dd8e405a3f26848b63e1b78dfb7c5b, type: 3}
      propertyPath: m_RootOrder
      value: 0
      objectReference: {fileID: 0}
    - target: {fileID: 4489404336695620, guid: 98dd8e405a3f26848b63e1b78dfb7c5b, type: 3}
      propertyPath: m_LocalScale.x
      value: 0.5
      objectReference: {fileID: 0}
    - target: {fileID: 4489404336695620, guid: 98dd8e405a3f26848b63e1b78dfb7c5b, type: 3}
      propertyPath: m_LocalScale.y
      value: 0.5
      objectReference: {fileID: 0}
    - target: {fileID: 4489404336695620, guid: 98dd8e405a3f26848b63e1b78dfb7c5b, type: 3}
      propertyPath: m_LocalScale.z
      value: 0.5
      objectReference: {fileID: 0}
    - target: {fileID: 4489404336695620, guid: 98dd8e405a3f26848b63e1b78dfb7c5b, type: 3}
      propertyPath: m_LocalPosition.x
      value: 0
      objectReference: {fileID: 0}
    - target: {fileID: 4489404336695620, guid: 98dd8e405a3f26848b63e1b78dfb7c5b, type: 3}
      propertyPath: m_LocalPosition.y
      value: 0
      objectReference: {fileID: 0}
    - target: {fileID: 4489404336695620, guid: 98dd8e405a3f26848b63e1b78dfb7c5b, type: 3}
      propertyPath: m_LocalPosition.z
      value: 0
      objectReference: {fileID: 0}
    - target: {fileID: 4489404336695620, guid: 98dd8e405a3f26848b63e1b78dfb7c5b, type: 3}
      propertyPath: m_LocalRotation.w
      value: 1
      objectReference: {fileID: 0}
    - target: {fileID: 4489404336695620, guid: 98dd8e405a3f26848b63e1b78dfb7c5b, type: 3}
      propertyPath: m_LocalRotation.x
      value: -0
      objectReference: {fileID: 0}
    - target: {fileID: 4489404336695620, guid: 98dd8e405a3f26848b63e1b78dfb7c5b, type: 3}
      propertyPath: m_LocalRotation.y
      value: -0
      objectReference: {fileID: 0}
    - target: {fileID: 4489404336695620, guid: 98dd8e405a3f26848b63e1b78dfb7c5b, type: 3}
      propertyPath: m_LocalRotation.z
      value: -0
      objectReference: {fileID: 0}
    - target: {fileID: 4489404336695620, guid: 98dd8e405a3f26848b63e1b78dfb7c5b, type: 3}
      propertyPath: m_LocalEulerAnglesHint.x
      value: 0
      objectReference: {fileID: 0}
    - target: {fileID: 4489404336695620, guid: 98dd8e405a3f26848b63e1b78dfb7c5b, type: 3}
      propertyPath: m_LocalEulerAnglesHint.y
      value: 0
      objectReference: {fileID: 0}
    - target: {fileID: 4489404336695620, guid: 98dd8e405a3f26848b63e1b78dfb7c5b, type: 3}
      propertyPath: m_LocalEulerAnglesHint.z
      value: 0
      objectReference: {fileID: 0}
    m_RemovedComponents: []
  m_SourcePrefab: {fileID: 100100000, guid: 98dd8e405a3f26848b63e1b78dfb7c5b, type: 3}
--- !u!4 &4838248119343632887 stripped
Transform:
  m_CorrespondingSourceObject: {fileID: 4489404336695620, guid: 98dd8e405a3f26848b63e1b78dfb7c5b, type: 3}
  m_PrefabInstance: {fileID: 4839990885629311155}
  m_PrefabAsset: {fileID: 0}
--- !u!1 &4840263725815435165 stripped
GameObject:
  m_CorrespondingSourceObject: {fileID: 1979290889500462, guid: 98dd8e405a3f26848b63e1b78dfb7c5b, type: 3}
  m_PrefabInstance: {fileID: 4839990885629311155}
  m_PrefabAsset: {fileID: 0}
--- !u!65 &3464305086382944937
BoxCollider:
  m_ObjectHideFlags: 0
  m_CorrespondingSourceObject: {fileID: 0}
  m_PrefabInstance: {fileID: 0}
  m_PrefabAsset: {fileID: 0}
  m_GameObject: {fileID: 4840263725815435165}
  m_Material: {fileID: 0}
  m_IsTrigger: 0
  m_Enabled: 1
  serializedVersion: 2
  m_Size: {x: 1, y: 1, z: 1}
  m_Center: {x: 0, y: 0, z: 0}
--- !u!1001 &5005216907297037880
PrefabInstance:
  m_ObjectHideFlags: 0
  serializedVersion: 2
  m_Modification:
    m_TransformParent: {fileID: 655410671452507884}
    m_Modifications:
    - target: {fileID: 1385105661527438, guid: 1bee6f5e61fa4ac428abe68da16660d8, type: 3}
      propertyPath: m_Name
      value: stone_cube_6 (1)
      objectReference: {fileID: 0}
    - target: {fileID: 4257990427835900, guid: 1bee6f5e61fa4ac428abe68da16660d8, type: 3}
      propertyPath: m_RootOrder
      value: 6
      objectReference: {fileID: 0}
    - target: {fileID: 4257990427835900, guid: 1bee6f5e61fa4ac428abe68da16660d8, type: 3}
      propertyPath: m_LocalScale.x
      value: 0.5
      objectReference: {fileID: 0}
    - target: {fileID: 4257990427835900, guid: 1bee6f5e61fa4ac428abe68da16660d8, type: 3}
      propertyPath: m_LocalScale.y
      value: 0.5
      objectReference: {fileID: 0}
    - target: {fileID: 4257990427835900, guid: 1bee6f5e61fa4ac428abe68da16660d8, type: 3}
      propertyPath: m_LocalScale.z
      value: 0.5
      objectReference: {fileID: 0}
    - target: {fileID: 4257990427835900, guid: 1bee6f5e61fa4ac428abe68da16660d8, type: 3}
      propertyPath: m_LocalPosition.x
      value: 1
      objectReference: {fileID: 0}
    - target: {fileID: 4257990427835900, guid: 1bee6f5e61fa4ac428abe68da16660d8, type: 3}
      propertyPath: m_LocalPosition.y
      value: 0.25
      objectReference: {fileID: 0}
    - target: {fileID: 4257990427835900, guid: 1bee6f5e61fa4ac428abe68da16660d8, type: 3}
      propertyPath: m_LocalPosition.z
      value: 1
      objectReference: {fileID: 0}
    - target: {fileID: 4257990427835900, guid: 1bee6f5e61fa4ac428abe68da16660d8, type: 3}
      propertyPath: m_LocalRotation.w
      value: 1
      objectReference: {fileID: 0}
    - target: {fileID: 4257990427835900, guid: 1bee6f5e61fa4ac428abe68da16660d8, type: 3}
      propertyPath: m_LocalRotation.x
      value: 0
      objectReference: {fileID: 0}
    - target: {fileID: 4257990427835900, guid: 1bee6f5e61fa4ac428abe68da16660d8, type: 3}
      propertyPath: m_LocalRotation.y
      value: -0
      objectReference: {fileID: 0}
    - target: {fileID: 4257990427835900, guid: 1bee6f5e61fa4ac428abe68da16660d8, type: 3}
      propertyPath: m_LocalRotation.z
      value: -0
      objectReference: {fileID: 0}
    - target: {fileID: 4257990427835900, guid: 1bee6f5e61fa4ac428abe68da16660d8, type: 3}
      propertyPath: m_LocalEulerAnglesHint.x
      value: 0
      objectReference: {fileID: 0}
    - target: {fileID: 4257990427835900, guid: 1bee6f5e61fa4ac428abe68da16660d8, type: 3}
      propertyPath: m_LocalEulerAnglesHint.y
      value: 0
      objectReference: {fileID: 0}
    - target: {fileID: 4257990427835900, guid: 1bee6f5e61fa4ac428abe68da16660d8, type: 3}
      propertyPath: m_LocalEulerAnglesHint.z
      value: 0
      objectReference: {fileID: 0}
    m_RemovedComponents: []
  m_SourcePrefab: {fileID: 100100000, guid: 1bee6f5e61fa4ac428abe68da16660d8, type: 3}
--- !u!1 &5004328205660101558 stripped
GameObject:
  m_CorrespondingSourceObject: {fileID: 1385105661527438, guid: 1bee6f5e61fa4ac428abe68da16660d8, type: 3}
  m_PrefabInstance: {fileID: 5005216907297037880}
  m_PrefabAsset: {fileID: 0}
--- !u!65 &8249323997860593765
BoxCollider:
  m_ObjectHideFlags: 0
  m_CorrespondingSourceObject: {fileID: 0}
  m_PrefabInstance: {fileID: 0}
  m_PrefabAsset: {fileID: 0}
  m_GameObject: {fileID: 5004328205660101558}
  m_Material: {fileID: 0}
  m_IsTrigger: 0
  m_Enabled: 1
  serializedVersion: 2
  m_Size: {x: 1, y: 1, z: 1}
  m_Center: {x: 0, y: 0, z: 0}
--- !u!4 &5006097179544150980 stripped
Transform:
  m_CorrespondingSourceObject: {fileID: 4257990427835900, guid: 1bee6f5e61fa4ac428abe68da16660d8, type: 3}
  m_PrefabInstance: {fileID: 5005216907297037880}
  m_PrefabAsset: {fileID: 0}
--- !u!1001 &6924973572257744110
PrefabInstance:
  m_ObjectHideFlags: 0
  serializedVersion: 2
  m_Modification:
    m_TransformParent: {fileID: 655410670681803392}
    m_Modifications:
    - target: {fileID: 1979290889500462, guid: 98dd8e405a3f26848b63e1b78dfb7c5b, type: 3}
      propertyPath: m_Name
      value: ground_cube_grass
      objectReference: {fileID: 0}
    - target: {fileID: 4489404336695620, guid: 98dd8e405a3f26848b63e1b78dfb7c5b, type: 3}
      propertyPath: m_RootOrder
      value: 0
      objectReference: {fileID: 0}
    - target: {fileID: 4489404336695620, guid: 98dd8e405a3f26848b63e1b78dfb7c5b, type: 3}
      propertyPath: m_LocalScale.x
      value: 0.5
      objectReference: {fileID: 0}
    - target: {fileID: 4489404336695620, guid: 98dd8e405a3f26848b63e1b78dfb7c5b, type: 3}
      propertyPath: m_LocalScale.y
      value: 0.5
      objectReference: {fileID: 0}
    - target: {fileID: 4489404336695620, guid: 98dd8e405a3f26848b63e1b78dfb7c5b, type: 3}
      propertyPath: m_LocalScale.z
      value: 0.5
      objectReference: {fileID: 0}
    - target: {fileID: 4489404336695620, guid: 98dd8e405a3f26848b63e1b78dfb7c5b, type: 3}
      propertyPath: m_LocalPosition.x
      value: -0.5
      objectReference: {fileID: 0}
    - target: {fileID: 4489404336695620, guid: 98dd8e405a3f26848b63e1b78dfb7c5b, type: 3}
      propertyPath: m_LocalPosition.y
      value: 0
      objectReference: {fileID: 0}
    - target: {fileID: 4489404336695620, guid: 98dd8e405a3f26848b63e1b78dfb7c5b, type: 3}
      propertyPath: m_LocalPosition.z
      value: 0
      objectReference: {fileID: 0}
    - target: {fileID: 4489404336695620, guid: 98dd8e405a3f26848b63e1b78dfb7c5b, type: 3}
      propertyPath: m_LocalRotation.w
      value: 1
      objectReference: {fileID: 0}
    - target: {fileID: 4489404336695620, guid: 98dd8e405a3f26848b63e1b78dfb7c5b, type: 3}
      propertyPath: m_LocalRotation.x
      value: -0
      objectReference: {fileID: 0}
    - target: {fileID: 4489404336695620, guid: 98dd8e405a3f26848b63e1b78dfb7c5b, type: 3}
      propertyPath: m_LocalRotation.y
      value: -0
      objectReference: {fileID: 0}
    - target: {fileID: 4489404336695620, guid: 98dd8e405a3f26848b63e1b78dfb7c5b, type: 3}
      propertyPath: m_LocalRotation.z
      value: -0
      objectReference: {fileID: 0}
    - target: {fileID: 4489404336695620, guid: 98dd8e405a3f26848b63e1b78dfb7c5b, type: 3}
      propertyPath: m_LocalEulerAnglesHint.x
      value: 0
      objectReference: {fileID: 0}
    - target: {fileID: 4489404336695620, guid: 98dd8e405a3f26848b63e1b78dfb7c5b, type: 3}
      propertyPath: m_LocalEulerAnglesHint.y
      value: 0
      objectReference: {fileID: 0}
    - target: {fileID: 4489404336695620, guid: 98dd8e405a3f26848b63e1b78dfb7c5b, type: 3}
      propertyPath: m_LocalEulerAnglesHint.z
      value: 0
      objectReference: {fileID: 0}
    m_RemovedComponents: []
  m_SourcePrefab: {fileID: 100100000, guid: 98dd8e405a3f26848b63e1b78dfb7c5b, type: 3}
--- !u!4 &6923582736730549674 stripped
Transform:
  m_CorrespondingSourceObject: {fileID: 4489404336695620, guid: 98dd8e405a3f26848b63e1b78dfb7c5b, type: 3}
  m_PrefabInstance: {fileID: 6924973572257744110}
  m_PrefabAsset: {fileID: 0}
--- !u!1 &6925826911151338432 stripped
GameObject:
  m_CorrespondingSourceObject: {fileID: 1979290889500462, guid: 98dd8e405a3f26848b63e1b78dfb7c5b, type: 3}
  m_PrefabInstance: {fileID: 6924973572257744110}
  m_PrefabAsset: {fileID: 0}
--- !u!65 &1060445206156359643
BoxCollider:
  m_ObjectHideFlags: 0
  m_CorrespondingSourceObject: {fileID: 0}
  m_PrefabInstance: {fileID: 0}
  m_PrefabAsset: {fileID: 0}
  m_GameObject: {fileID: 6925826911151338432}
  m_Material: {fileID: 0}
  m_IsTrigger: 0
  m_Enabled: 1
  serializedVersion: 2
  m_Size: {x: 1, y: 1, z: 1}
  m_Center: {x: 0, y: 0, z: 0}
--- !u!1001 &8229960804306439170
PrefabInstance:
  m_ObjectHideFlags: 0
  serializedVersion: 2
  m_Modification:
    m_TransformParent: {fileID: 655410671452507884}
    m_Modifications:
    - target: {fileID: 1385105661527438, guid: 1bee6f5e61fa4ac428abe68da16660d8, type: 3}
      propertyPath: m_Name
      value: stone_cube_6 (2)
      objectReference: {fileID: 0}
    - target: {fileID: 4257990427835900, guid: 1bee6f5e61fa4ac428abe68da16660d8, type: 3}
      propertyPath: m_RootOrder
      value: 7
      objectReference: {fileID: 0}
    - target: {fileID: 4257990427835900, guid: 1bee6f5e61fa4ac428abe68da16660d8, type: 3}
      propertyPath: m_LocalScale.x
      value: 0.5
      objectReference: {fileID: 0}
    - target: {fileID: 4257990427835900, guid: 1bee6f5e61fa4ac428abe68da16660d8, type: 3}
      propertyPath: m_LocalScale.y
      value: 0.5
      objectReference: {fileID: 0}
    - target: {fileID: 4257990427835900, guid: 1bee6f5e61fa4ac428abe68da16660d8, type: 3}
      propertyPath: m_LocalScale.z
      value: 0.5
      objectReference: {fileID: 0}
    - target: {fileID: 4257990427835900, guid: 1bee6f5e61fa4ac428abe68da16660d8, type: 3}
      propertyPath: m_LocalPosition.x
      value: -1
      objectReference: {fileID: 0}
    - target: {fileID: 4257990427835900, guid: 1bee6f5e61fa4ac428abe68da16660d8, type: 3}
      propertyPath: m_LocalPosition.y
      value: 0.25
      objectReference: {fileID: 0}
    - target: {fileID: 4257990427835900, guid: 1bee6f5e61fa4ac428abe68da16660d8, type: 3}
      propertyPath: m_LocalPosition.z
      value: -1
      objectReference: {fileID: 0}
    - target: {fileID: 4257990427835900, guid: 1bee6f5e61fa4ac428abe68da16660d8, type: 3}
      propertyPath: m_LocalRotation.w
      value: 1
      objectReference: {fileID: 0}
    - target: {fileID: 4257990427835900, guid: 1bee6f5e61fa4ac428abe68da16660d8, type: 3}
      propertyPath: m_LocalRotation.x
      value: 0
      objectReference: {fileID: 0}
    - target: {fileID: 4257990427835900, guid: 1bee6f5e61fa4ac428abe68da16660d8, type: 3}
      propertyPath: m_LocalRotation.y
      value: -0
      objectReference: {fileID: 0}
    - target: {fileID: 4257990427835900, guid: 1bee6f5e61fa4ac428abe68da16660d8, type: 3}
      propertyPath: m_LocalRotation.z
      value: -0
      objectReference: {fileID: 0}
    - target: {fileID: 4257990427835900, guid: 1bee6f5e61fa4ac428abe68da16660d8, type: 3}
      propertyPath: m_LocalEulerAnglesHint.x
      value: 0
      objectReference: {fileID: 0}
    - target: {fileID: 4257990427835900, guid: 1bee6f5e61fa4ac428abe68da16660d8, type: 3}
      propertyPath: m_LocalEulerAnglesHint.y
      value: 0
      objectReference: {fileID: 0}
    - target: {fileID: 4257990427835900, guid: 1bee6f5e61fa4ac428abe68da16660d8, type: 3}
      propertyPath: m_LocalEulerAnglesHint.z
      value: 0
      objectReference: {fileID: 0}
    m_RemovedComponents: []
  m_SourcePrefab: {fileID: 100100000, guid: 1bee6f5e61fa4ac428abe68da16660d8, type: 3}
--- !u!1 &8228738426732300684 stripped
GameObject:
  m_CorrespondingSourceObject: {fileID: 1385105661527438, guid: 1bee6f5e61fa4ac428abe68da16660d8, type: 3}
  m_PrefabInstance: {fileID: 8229960804306439170}
  m_PrefabAsset: {fileID: 0}
--- !u!65 &41126997251895379
BoxCollider:
  m_ObjectHideFlags: 0
  m_CorrespondingSourceObject: {fileID: 0}
  m_PrefabInstance: {fileID: 0}
  m_PrefabAsset: {fileID: 0}
  m_GameObject: {fileID: 8228738426732300684}
  m_Material: {fileID: 0}
  m_IsTrigger: 0
  m_Enabled: 1
  serializedVersion: 2
  m_Size: {x: 1, y: 1, z: 1}
  m_Center: {x: 0, y: 0, z: 0}
--- !u!4 &8230769369059865086 stripped
Transform:
  m_CorrespondingSourceObject: {fileID: 4257990427835900, guid: 1bee6f5e61fa4ac428abe68da16660d8, type: 3}
  m_PrefabInstance: {fileID: 8229960804306439170}
  m_PrefabAsset: {fileID: 0}
--- !u!1001 &8607034128676943139
PrefabInstance:
  m_ObjectHideFlags: 0
  serializedVersion: 2
  m_Modification:
    m_TransformParent: {fileID: 655410669572353288}
    m_Modifications:
    - target: {fileID: 1979290889500462, guid: 98dd8e405a3f26848b63e1b78dfb7c5b, type: 3}
      propertyPath: m_Name
      value: ground_cube_grass (7)
      objectReference: {fileID: 0}
    - target: {fileID: 4489404336695620, guid: 98dd8e405a3f26848b63e1b78dfb7c5b, type: 3}
      propertyPath: m_RootOrder
      value: 1
      objectReference: {fileID: 0}
    - target: {fileID: 4489404336695620, guid: 98dd8e405a3f26848b63e1b78dfb7c5b, type: 3}
      propertyPath: m_LocalScale.x
      value: 0.5
      objectReference: {fileID: 0}
    - target: {fileID: 4489404336695620, guid: 98dd8e405a3f26848b63e1b78dfb7c5b, type: 3}
      propertyPath: m_LocalScale.y
      value: 0.5
      objectReference: {fileID: 0}
    - target: {fileID: 4489404336695620, guid: 98dd8e405a3f26848b63e1b78dfb7c5b, type: 3}
      propertyPath: m_LocalScale.z
      value: 0.5
      objectReference: {fileID: 0}
    - target: {fileID: 4489404336695620, guid: 98dd8e405a3f26848b63e1b78dfb7c5b, type: 3}
      propertyPath: m_LocalPosition.x
      value: 0
      objectReference: {fileID: 0}
    - target: {fileID: 4489404336695620, guid: 98dd8e405a3f26848b63e1b78dfb7c5b, type: 3}
      propertyPath: m_LocalPosition.y
      value: 0
      objectReference: {fileID: 0}
    - target: {fileID: 4489404336695620, guid: 98dd8e405a3f26848b63e1b78dfb7c5b, type: 3}
      propertyPath: m_LocalPosition.z
      value: 0.5
      objectReference: {fileID: 0}
    - target: {fileID: 4489404336695620, guid: 98dd8e405a3f26848b63e1b78dfb7c5b, type: 3}
      propertyPath: m_LocalRotation.w
      value: 1
      objectReference: {fileID: 0}
    - target: {fileID: 4489404336695620, guid: 98dd8e405a3f26848b63e1b78dfb7c5b, type: 3}
      propertyPath: m_LocalRotation.x
      value: -0
      objectReference: {fileID: 0}
    - target: {fileID: 4489404336695620, guid: 98dd8e405a3f26848b63e1b78dfb7c5b, type: 3}
      propertyPath: m_LocalRotation.y
      value: -0
      objectReference: {fileID: 0}
    - target: {fileID: 4489404336695620, guid: 98dd8e405a3f26848b63e1b78dfb7c5b, type: 3}
      propertyPath: m_LocalRotation.z
      value: -0
      objectReference: {fileID: 0}
    - target: {fileID: 4489404336695620, guid: 98dd8e405a3f26848b63e1b78dfb7c5b, type: 3}
      propertyPath: m_LocalEulerAnglesHint.x
      value: 0
      objectReference: {fileID: 0}
    - target: {fileID: 4489404336695620, guid: 98dd8e405a3f26848b63e1b78dfb7c5b, type: 3}
      propertyPath: m_LocalEulerAnglesHint.y
      value: 0
      objectReference: {fileID: 0}
    - target: {fileID: 4489404336695620, guid: 98dd8e405a3f26848b63e1b78dfb7c5b, type: 3}
      propertyPath: m_LocalEulerAnglesHint.z
      value: 0
      objectReference: {fileID: 0}
    m_RemovedComponents: []
  m_SourcePrefab: {fileID: 100100000, guid: 98dd8e405a3f26848b63e1b78dfb7c5b, type: 3}
--- !u!1 &8607887244769083917 stripped
GameObject:
  m_CorrespondingSourceObject: {fileID: 1979290889500462, guid: 98dd8e405a3f26848b63e1b78dfb7c5b, type: 3}
  m_PrefabInstance: {fileID: 8607034128676943139}
  m_PrefabAsset: {fileID: 0}
--- !u!65 &2650454074090039765
BoxCollider:
  m_ObjectHideFlags: 0
  m_CorrespondingSourceObject: {fileID: 0}
  m_PrefabInstance: {fileID: 0}
  m_PrefabAsset: {fileID: 0}
  m_GameObject: {fileID: 8607887244769083917}
  m_Material: {fileID: 0}
  m_IsTrigger: 0
  m_Enabled: 1
  serializedVersion: 2
  m_Size: {x: 1, y: 1, z: 1}
  m_Center: {x: 0, y: 0, z: 0}
--- !u!4 &8610214975657352295 stripped
Transform:
  m_CorrespondingSourceObject: {fileID: 4489404336695620, guid: 98dd8e405a3f26848b63e1b78dfb7c5b, type: 3}
  m_PrefabInstance: {fileID: 8607034128676943139}
  m_PrefabAsset: {fileID: 0}
--- !u!1001 &8709621472143044622
PrefabInstance:
  m_ObjectHideFlags: 0
  serializedVersion: 2
  m_Modification:
    m_TransformParent: {fileID: 655410669572353288}
    m_Modifications:
    - target: {fileID: 1979290889500462, guid: 98dd8e405a3f26848b63e1b78dfb7c5b, type: 3}
      propertyPath: m_Name
      value: ground_cube_grass (8)
      objectReference: {fileID: 0}
    - target: {fileID: 4489404336695620, guid: 98dd8e405a3f26848b63e1b78dfb7c5b, type: 3}
      propertyPath: m_RootOrder
      value: 2
      objectReference: {fileID: 0}
    - target: {fileID: 4489404336695620, guid: 98dd8e405a3f26848b63e1b78dfb7c5b, type: 3}
      propertyPath: m_LocalScale.x
      value: 0.5
      objectReference: {fileID: 0}
    - target: {fileID: 4489404336695620, guid: 98dd8e405a3f26848b63e1b78dfb7c5b, type: 3}
      propertyPath: m_LocalScale.y
      value: 0.5
      objectReference: {fileID: 0}
    - target: {fileID: 4489404336695620, guid: 98dd8e405a3f26848b63e1b78dfb7c5b, type: 3}
      propertyPath: m_LocalScale.z
      value: 0.5
      objectReference: {fileID: 0}
    - target: {fileID: 4489404336695620, guid: 98dd8e405a3f26848b63e1b78dfb7c5b, type: 3}
      propertyPath: m_LocalPosition.x
      value: 0
      objectReference: {fileID: 0}
    - target: {fileID: 4489404336695620, guid: 98dd8e405a3f26848b63e1b78dfb7c5b, type: 3}
      propertyPath: m_LocalPosition.y
      value: 0
      objectReference: {fileID: 0}
    - target: {fileID: 4489404336695620, guid: 98dd8e405a3f26848b63e1b78dfb7c5b, type: 3}
      propertyPath: m_LocalPosition.z
      value: -0.5
      objectReference: {fileID: 0}
    - target: {fileID: 4489404336695620, guid: 98dd8e405a3f26848b63e1b78dfb7c5b, type: 3}
      propertyPath: m_LocalRotation.w
      value: 1
      objectReference: {fileID: 0}
    - target: {fileID: 4489404336695620, guid: 98dd8e405a3f26848b63e1b78dfb7c5b, type: 3}
      propertyPath: m_LocalRotation.x
      value: -0
      objectReference: {fileID: 0}
    - target: {fileID: 4489404336695620, guid: 98dd8e405a3f26848b63e1b78dfb7c5b, type: 3}
      propertyPath: m_LocalRotation.y
      value: -0
      objectReference: {fileID: 0}
    - target: {fileID: 4489404336695620, guid: 98dd8e405a3f26848b63e1b78dfb7c5b, type: 3}
      propertyPath: m_LocalRotation.z
      value: -0
      objectReference: {fileID: 0}
    - target: {fileID: 4489404336695620, guid: 98dd8e405a3f26848b63e1b78dfb7c5b, type: 3}
      propertyPath: m_LocalEulerAnglesHint.x
      value: 0
      objectReference: {fileID: 0}
    - target: {fileID: 4489404336695620, guid: 98dd8e405a3f26848b63e1b78dfb7c5b, type: 3}
      propertyPath: m_LocalEulerAnglesHint.y
      value: 0
      objectReference: {fileID: 0}
    - target: {fileID: 4489404336695620, guid: 98dd8e405a3f26848b63e1b78dfb7c5b, type: 3}
      propertyPath: m_LocalEulerAnglesHint.z
      value: 0
      objectReference: {fileID: 0}
    m_RemovedComponents: []
  m_SourcePrefab: {fileID: 100100000, guid: 98dd8e405a3f26848b63e1b78dfb7c5b, type: 3}
--- !u!4 &8705802792466291018 stripped
Transform:
  m_CorrespondingSourceObject: {fileID: 4489404336695620, guid: 98dd8e405a3f26848b63e1b78dfb7c5b, type: 3}
  m_PrefabInstance: {fileID: 8709621472143044622}
  m_PrefabAsset: {fileID: 0}
--- !u!1 &8708205427568101152 stripped
GameObject:
  m_CorrespondingSourceObject: {fileID: 1979290889500462, guid: 98dd8e405a3f26848b63e1b78dfb7c5b, type: 3}
  m_PrefabInstance: {fileID: 8709621472143044622}
  m_PrefabAsset: {fileID: 0}
--- !u!65 &5970345185256288417
BoxCollider:
  m_ObjectHideFlags: 0
  m_CorrespondingSourceObject: {fileID: 0}
  m_PrefabInstance: {fileID: 0}
  m_PrefabAsset: {fileID: 0}
  m_GameObject: {fileID: 8708205427568101152}
  m_Material: {fileID: 0}
  m_IsTrigger: 0
  m_Enabled: 1
  serializedVersion: 2
  m_Size: {x: 1, y: 1, z: 1}
  m_Center: {x: 0, y: 0, z: 0}
